{
  "cached_at": 1769986140.878253,
  "symbol": "SONY",
  "function": "INCOME_STATEMENT",
  "data": {
    "symbol": "SONY",
    "annualReports": [
      {
        "fiscalDateEnding": "2025-03-31",
        "reportedCurrency": "JPY",
        "grossProfit": "3677711000000",
        "totalRevenue": "12957064000000",
        "costOfRevenue": "9279353000000",
        "costofGoodsAndServicesSold": "9279353000000",
        "operatingIncome": "1407163000000",
        "sellingGeneralAndAdministrative": "1843034000000",
        "researchAndDevelopment": "734578000000",
        "operatingExpenses": "2270548000000",
        "investmentIncomeNet": "None",
        "netInterestIncome": "-10680000000",
        "interestIncome": "50925000000",
        "interestExpense": "40876000000",
        "nonInterestIncome": "None",
        "otherNonOperatingIncome": "None",
        "depreciation": "None",
        "depreciationAndAmortization": "385345000000",
        "incomeBeforeTax": "1473726000000",
        "incomeTaxExpense": "313839000000",
        "interestAndDebtExpense": "None",
        "netIncomeFromContinuingOperations": "1159887000000",
        "comprehensiveIncomeNetOfTax": "None",
        "ebit": "1427799000000",
        "ebitda": "1813144000000",
        "netIncome": "1141600000000"
      },
      {
        "fiscalDateEnding": "2024-03-31",
        "reportedCurrency": "JPY",
        "grossProfit": "3340443000000",
        "totalRevenue": "13020768000000",
        "costOfRevenue": "9680325000000",
        "costofGoodsAndServicesSold": "9680325000000",
        "operatingIncome": "1208831000000",
        "sellingGeneralAndAdministrative": "1733501000000",
        "researchAndDevelopment": "742772000000",
        "operatingExpenses": "2131612000000",
        "investmentIncomeNet": "None",
        "netInterestIncome": "-5703000000",
        "interestIncome": "37580000000",
        "interestExpense": "40996000000",
        "nonInterestIncome": "None",
        "otherNonOperatingIncome": "None",
        "depreciation": "None",
        "depreciationAndAmortization": "364273000000",
        "incomeBeforeTax": "1268662000000",
        "incomeTaxExpense": "288168000000",
        "interestAndDebtExpense": "None",
        "netIncomeFromContinuingOperations": "980494000000",
        "comprehensiveIncomeNetOfTax": "None",
        "ebit": "1182348000000",
        "ebitda": "1546621000000",
        "netIncome": "970573000000"
      },
      {
        "fiscalDateEnding": "2023-03-31",
        "reportedCurrency": "JPY",
        "grossProfit": "3235089000000",
        "totalRevenue": "10974373000000",
        "costOfRevenue": "7739284000000",
        "costofGoodsAndServicesSold": "7739284000000",
        "operatingIncome": "1302389000000",
        "sellingGeneralAndAdministrative": "1578039000000",
        "researchAndDevelopment": "735698000000",
        "operatingExpenses": "1932700000000",
        "investmentIncomeNet": "None",
        "netInterestIncome": "-27893000000",
        "interestIncome": "31058000000",
        "interestExpense": "26398000000",
        "nonInterestIncome": "None",
        "otherNonOperatingIncome": "None",
        "depreciation": "None",
        "depreciationAndAmortization": "1004590000000",
        "incomeBeforeTax": "1274496000000",
        "incomeTaxExpense": "262723000000",
        "interestAndDebtExpense": "None",
        "netIncomeFromContinuingOperations": "943622000000",
        "comprehensiveIncomeNetOfTax": "None",
        "ebit": "1300894000000",
        "ebitda": "2305484000000",
        "netIncome": "1005277000000"
      },
      {
        "fiscalDateEnding": "2022-03-31",
        "reportedCurrency": "JPY",
        "grossProfit": "2701672000000",
        "totalRevenue": "9921513000000",
        "costOfRevenue": "7219841000000",
        "costofGoodsAndServicesSold": "7219841000000",
        "operatingIncome": "1202339000000",
        "sellingGeneralAndAdministrative": "1240764000000",
        "researchAndDevelopment": "618368000000",
        "operatingExpenses": "1499333000000",
        "investmentIncomeNet": "None",
        "netInterestIncome": "-84836000000",
        "interestIncome": "19304000000",
        "interestExpense": "14600000000",
        "nonInterestIncome": "None",
        "otherNonOperatingIncome": "None",
        "depreciation": "None",
        "depreciationAndAmortization": "835233000000",
        "incomeBeforeTax": "1117503000000",
        "incomeTaxExpense": "229097000000",
        "interestAndDebtExpense": "None",
        "netIncomeFromContinuingOperations": "888406000000",
        "comprehensiveIncomeNetOfTax": "None",
        "ebit": "1132103000000",
        "ebitda": "1967336000000",
        "netIncome": "882178000000"
      },
      {
        "fiscalDateEnding": "2021-03-31",
        "reportedCurrency": "JPY",
        "grossProfit": "2431108000000",
        "totalRevenue": "8998661000000",
        "costOfRevenue": "6567553000000",
        "costofGoodsAndServicesSold": "6567553000000",
        "operatingIncome": "955255000000",
        "sellingGeneralAndAdministrative": "1208564000000",
        "researchAndDevelopment": "545357000000",
        "operatingExpenses": "1475853000000",
        "investmentIncomeNet": "None",
        "netInterestIncome": "-1728000000",
        "interestIncome": "10457000000",
        "interestExpense": "234693616",
        "nonInterestIncome": "None",
        "otherNonOperatingIncome": "None",
        "depreciation": "None",
        "depreciationAndAmortization": "687373000000",
        "incomeBeforeTax": "997965000000",
        "incomeTaxExpense": "-45931000000",
        "interestAndDebtExpense": "None",
        "netIncomeFromContinuingOperations": "1191375000000",
        "comprehensiveIncomeNetOfTax": "None",
        "ebit": "1012173000000",
        "ebitda": "1699546000000",
        "netIncome": "1029610000000"
      },
      {
        "fiscalDateEnding": "2020-03-31",
        "reportedCurrency": "JPY",
        "grossProfit": "2336461000000",
        "totalRevenue": "8259885000000",
        "costOfRevenue": "5923424000000",
        "costofGoodsAndServicesSold": "5923424000000",
        "operatingIncome": "845459000000",
        "sellingGeneralAndAdministrative": "1124782000000",
        "researchAndDevelopment": "499290000000",
        "operatingExpenses": "1491002000000",
        "investmentIncomeNet": "None",
        "netInterestIncome": "8188000000",
        "interestIncome": "38781000000",
        "interestExpense": "11090000000",
        "nonInterestIncome": "None",
        "otherNonOperatingIncome": "None",
        "depreciation": "None",
        "depreciationAndAmortization": "409966000000",
        "incomeBeforeTax": "799450000000",
        "incomeTaxExpense": "177190000000",
        "interestAndDebtExpense": "None",
        "netIncomeFromContinuingOperations": "622260000000",
        "comprehensiveIncomeNetOfTax": "None",
        "ebit": "851987000000",
        "ebitda": "1261953000000",
        "netIncome": "582191000000"
      },
      {
        "fiscalDateEnding": "2019-03-31",
        "reportedCurrency": "JPY",
        "grossProfit": "2402491000000",
        "totalRevenue": "8665687000000",
        "costOfRevenue": "6263196000000",
        "costofGoodsAndServicesSold": "6263196000000",
        "operatingIncome": "894235000000",
        "sellingGeneralAndAdministrative": "1166876000000",
        "researchAndDevelopment": "481202000000",
        "operatingExpenses": "1508256000000",
        "investmentIncomeNet": "None",
        "netInterestIncome": "9151000000",
        "interestIncome": "116549000000",
        "interestExpense": "12467000000",
        "nonInterestIncome": "None",
        "otherNonOperatingIncome": "0",
        "depreciation": "None",
        "depreciationAndAmortization": "722519000000",
        "incomeBeforeTax": "1011648000000",
        "incomeTaxExpense": "45098000000",
        "interestAndDebtExpense": "None",
        "netIncomeFromContinuingOperations": "966550000000",
        "comprehensiveIncomeNetOfTax": "None",
        "ebit": "1024115000000",
        "ebitda": "1746634000000",
        "netIncome": "916271000000"
      },
      {
        "fiscalDateEnding": "2018-03-31",
        "reportedCurrency": "JPY",
        "grossProfit": "2313560000000",
        "totalRevenue": "8543982000000",
        "costOfRevenue": "6230422000000",
        "costofGoodsAndServicesSold": "6230422000000",
        "operatingIncome": "734860000000",
        "sellingGeneralAndAdministrative": "1157092000000",
        "researchAndDevelopment": "458518000000",
        "operatingExpenses": "1583197000000",
        "investmentIncomeNet": "None",
        "netInterestIncome": "6218000000",
        "interestIncome": "27854000000",
        "interestExpense": "13566000000",
        "nonInterestIncome": "None",
        "otherNonOperatingIncome": "0",
        "depreciation": "None",
        "depreciationAndAmortization": "720718000000",
        "incomeBeforeTax": "699049000000",
        "incomeTaxExpense": "151770000000",
        "interestAndDebtExpense": "None",
        "netIncomeFromContinuingOperations": "547279000000",
        "comprehensiveIncomeNetOfTax": "None",
        "ebit": "712615000000",
        "ebitda": "1433333000000",
        "netIncome": "490794000000"
      },
      {
        "fiscalDateEnding": "2017-03-31",
        "reportedCurrency": "JPY",
        "grossProfit": "1940096000000",
        "totalRevenue": "7603250000000",
        "costOfRevenue": "5663154000000",
        "costofGoodsAndServicesSold": "5663154000000",
        "operatingIncome": "288702000000",
        "sellingGeneralAndAdministrative": "1142141000000",
        "researchAndDevelopment": "447456000000",
        "operatingExpenses": "1651394000000",
        "investmentIncomeNet": "None",
        "netInterestIncome": "-3085000000",
        "interestIncome": "32670000000",
        "interestExpense": "14544000000",
        "nonInterestIncome": "None",
        "otherNonOperatingIncome": "0",
        "depreciation": "None",
        "depreciationAndAmortization": "624553000000",
        "incomeBeforeTax": "251619000000",
        "incomeTaxExpense": "124058000000",
        "interestAndDebtExpense": "None",
        "netIncomeFromContinuingOperations": "127561000000",
        "comprehensiveIncomeNetOfTax": "None",
        "ebit": "266163000000",
        "ebitda": "890716000000",
        "netIncome": "73289000000"
      },
      {
        "fiscalDateEnding": "2016-03-31",
        "reportedCurrency": "JPY",
        "grossProfit": "2031060000000",
        "totalRevenue": "8105712000000",
        "costOfRevenue": "6074652000000",
        "costofGoodsAndServicesSold": "6074652000000",
        "operatingIncome": "294197000000",
        "sellingGeneralAndAdministrative": "1273203000000",
        "researchAndDevelopment": "468183000000",
        "operatingExpenses": "1736863000000",
        "investmentIncomeNet": "None",
        "netInterestIncome": "None",
        "interestIncome": "15363000000",
        "interestExpense": "25286000000",
        "nonInterestIncome": "None",
        "otherNonOperatingIncome": "0",
        "depreciation": "None",
        "depreciationAndAmortization": "696678000000",
        "incomeBeforeTax": "304504000000",
        "incomeTaxExpense": "94789000000",
        "interestAndDebtExpense": "None",
        "netIncomeFromContinuingOperations": "0",
        "comprehensiveIncomeNetOfTax": "None",
        "ebit": "329790000000",
        "ebitda": "1026468000000",
        "netIncome": "147791000000"
      },
      {
        "fiscalDateEnding": "2015-03-31",
        "reportedCurrency": "JPY",
        "grossProfit": "2057746000000",
        "totalRevenue": "8215880000000",
        "costOfRevenue": "6158134000000",
        "costofGoodsAndServicesSold": "6158134000000",
        "operatingIncome": "68548000000",
        "sellingGeneralAndAdministrative": "1313756000000",
        "researchAndDevelopment": "464320000000",
        "operatingExpenses": "1989198000000",
        "investmentIncomeNet": "None",
        "netInterestIncome": "None",
        "interestIncome": "None",
        "interestExpense": "23600000000",
        "nonInterestIncome": "None",
        "otherNonOperatingIncome": "0",
        "depreciation": "None",
        "depreciationAndAmortization": "627565000000",
        "incomeBeforeTax": "39729000000",
        "incomeTaxExpense": "88733000000",
        "interestAndDebtExpense": "None",
        "netIncomeFromContinuingOperations": "-0.02",
        "comprehensiveIncomeNetOfTax": "None",
        "ebit": "63329000000",
        "ebitda": "690894000000",
        "netIncome": "-125980000000"
      },
      {
        "fiscalDateEnding": "2014-03-31",
        "reportedCurrency": "JPY",
        "grossProfit": "1811055000000",
        "totalRevenue": "7767266000000",
        "costOfRevenue": "5956211000000",
        "costofGoodsAndServicesSold": "5956211000000",
        "operatingIncome": "26495000000",
        "sellingGeneralAndAdministrative": "1212328000000",
        "researchAndDevelopment": "466030000000",
        "operatingExpenses": "1784560000000",
        "investmentIncomeNet": "None",
        "netInterestIncome": "None",
        "interestIncome": "None",
        "interestExpense": "23460000000",
        "nonInterestIncome": "None",
        "otherNonOperatingIncome": "None",
        "depreciation": "None",
        "depreciationAndAmortization": "662368000000",
        "incomeBeforeTax": "25741000000",
        "incomeTaxExpense": "94582000000",
        "interestAndDebtExpense": "None",
        "netIncomeFromContinuingOperations": "-68841000000",
        "comprehensiveIncomeNetOfTax": "None",
        "ebit": "49201000000",
        "ebitda": "711569000000",
        "netIncome": "-128369000000"
      },
      {
        "fiscalDateEnding": "2013-03-31",
        "reportedCurrency": "JPY",
        "grossProfit": "1459455000000",
        "totalRevenue": "6800851000000",
        "costOfRevenue": "5341396000000",
        "costofGoodsAndServicesSold": "5341396000000",
        "operatingIncome": "226503000000",
        "sellingGeneralAndAdministrative": "1102645000000",
        "researchAndDevelopment": "473610000000",
        "operatingExpenses": "1457626000000",
        "investmentIncomeNet": "None",
        "netInterestIncome": "None",
        "interestIncome": "None",
        "interestExpense": "26657000000",
        "nonInterestIncome": "None",
        "otherNonOperatingIncome": "None",
        "depreciation": "None",
        "depreciationAndAmortization": "584786000000",
        "incomeBeforeTax": "242084000000",
        "incomeTaxExpense": "141505000000",
        "interestAndDebtExpense": "None",
        "netIncomeFromContinuingOperations": "None",
        "comprehensiveIncomeNetOfTax": "None",
        "ebit": "268741000000",
        "ebitda": "853527000000",
        "netIncome": "41540000000"
      },
      {
        "fiscalDateEnding": "2012-03-31",
        "reportedCurrency": "JPY",
        "grossProfit": "2106765000000",
        "totalRevenue": "6493212000000",
        "costOfRevenue": "4386447000000",
        "costofGoodsAndServicesSold": "4386447000000",
        "operatingIncome": "-65663000000",
        "sellingGeneralAndAdministrative": "1375887000000",
        "researchAndDevelopment": "5260005000",
        "operatingExpenses": "1316293000000",
        "investmentIncomeNet": "None",
        "netInterestIncome": "None",
        "interestIncome": "None",
        "interestExpense": "22769000000",
        "nonInterestIncome": "None",
        "otherNonOperatingIncome": "None",
        "depreciation": "None",
        "depreciationAndAmortization": "555106000000",
        "incomeBeforeTax": "-83186000000",
        "incomeTaxExpense": "315239000000",
        "interestAndDebtExpense": "None",
        "netIncomeFromContinuingOperations": "None",
        "comprehensiveIncomeNetOfTax": "None",
        "ebit": "-58142000000",
        "ebitda": "496964000000",
        "netIncome": "-455038000000"
      },
      {
        "fiscalDateEnding": "2011-03-31",
        "reportedCurrency": "JPY",
        "grossProfit": "2349910000000",
        "totalRevenue": "7181273000000",
        "costOfRevenue": "4831363000000",
        "costofGoodsAndServicesSold": "4831363000000",
        "operatingIncome": "199821000000",
        "sellingGeneralAndAdministrative": "1501813000000",
        "researchAndDevelopment": "5157250000",
        "operatingExpenses": "2177601000000",
        "investmentIncomeNet": "None",
        "netInterestIncome": "None",
        "interestIncome": "None",
        "interestExpense": "23909000000",
        "nonInterestIncome": "None",
        "otherNonOperatingIncome": "None",
        "depreciation": "None",
        "depreciationAndAmortization": "575558000000",
        "incomeBeforeTax": "205013000000",
        "incomeTaxExpense": "425339000000",
        "interestAndDebtExpense": "None",
        "netIncomeFromContinuingOperations": "None",
        "comprehensiveIncomeNetOfTax": "None",
        "ebit": "228922000000",
        "ebitda": "804480000000",
        "netIncome": "-259585000000"
      },
      {
        "fiscalDateEnding": "2010-03-31",
        "reportedCurrency": "JPY",
        "grossProfit": "2321435000000",
        "totalRevenue": "7213998000000",
        "costOfRevenue": "4892563000000",
        "costofGoodsAndServicesSold": "4892563000000",
        "operatingIncome": "31772000000",
        "sellingGeneralAndAdministrative": "1544890000000",
        "researchAndDevelopment": "4625278000",
        "operatingExpenses": "1544890000000",
        "investmentIncomeNet": "None",
        "netInterestIncome": "None",
        "interestIncome": "None",
        "interestExpense": "22505000000",
        "nonInterestIncome": "None",
        "otherNonOperatingIncome": "None",
        "depreciation": "None",
        "depreciationAndAmortization": "371004000000",
        "incomeBeforeTax": "26912000000",
        "incomeTaxExpense": "13958000000",
        "interestAndDebtExpense": "None",
        "netIncomeFromContinuingOperations": "None",
        "comprehensiveIncomeNetOfTax": "None",
        "ebit": "49417000000",
        "ebitda": "420421000000",
        "netIncome": "-40802000000"
      },
      {
        "fiscalDateEnding": "2009-03-31",
        "reportedCurrency": "JPY",
        "grossProfit": "2069489000000",
        "totalRevenue": "7729993000000",
        "costOfRevenue": "5660504000000",
        "costofGoodsAndServicesSold": "5660504000000",
        "operatingIncome": "-227783000000",
        "sellingGeneralAndAdministrative": "1686030000000",
        "researchAndDevelopment": "5074459000",
        "operatingExpenses": "1686030000000",
        "investmentIncomeNet": "None",
        "netInterestIncome": "None",
        "interestIncome": "None",
        "interestExpense": "24376000000",
        "nonInterestIncome": "None",
        "otherNonOperatingIncome": "None",
        "depreciation": "None",
        "depreciationAndAmortization": "405443000000",
        "incomeBeforeTax": "-174955000000",
        "incomeTaxExpense": "-72741000000",
        "interestAndDebtExpense": "None",
        "netIncomeFromContinuingOperations": "None",
        "comprehensiveIncomeNetOfTax": "None",
        "ebit": "-150579000000",
        "ebitda": "254864000000",
        "netIncome": "-98938000000"
      },
      {
        "fiscalDateEnding": "2008-03-31",
        "reportedCurrency": "JPY",
        "grossProfit": "2581392000000",
        "totalRevenue": "8871414000000",
        "costOfRevenue": "6290022000000",
        "costofGoodsAndServicesSold": "6290022000000",
        "operatingIncome": "475299000000",
        "sellingGeneralAndAdministrative": "1714445000000",
        "researchAndDevelopment": "5213500000",
        "operatingExpenses": "1714445000000",
        "investmentIncomeNet": "None",
        "netInterestIncome": "None",
        "interestIncome": "None",
        "interestExpense": "553237000000",
        "nonInterestIncome": "None",
        "otherNonOperatingIncome": "None",
        "depreciation": "None",
        "depreciationAndAmortization": "428010000000",
        "incomeBeforeTax": "567134000000",
        "incomeTaxExpense": "203478000000",
        "interestAndDebtExpense": "None",
        "netIncomeFromContinuingOperations": "None",
        "comprehensiveIncomeNetOfTax": "None",
        "ebit": "1120371000000",
        "ebitda": "1548381000000",
        "netIncome": "369435000000"
      },
      {
        "fiscalDateEnding": "2007-03-31",
        "reportedCurrency": "JPY",
        "grossProfit": "2406094000000",
        "totalRevenue": "8295695000000",
        "costOfRevenue": "5889601000000",
        "costofGoodsAndServicesSold": "5889601000000",
        "operatingIncome": "71750000000",
        "sellingGeneralAndAdministrative": "1788427000000",
        "researchAndDevelopment": "4626888000",
        "operatingExpenses": "1788427000000",
        "investmentIncomeNet": "None",
        "netInterestIncome": "None",
        "interestIncome": "None",
        "interestExpense": "567375000000",
        "nonInterestIncome": "None",
        "otherNonOperatingIncome": "None",
        "depreciation": "None",
        "depreciationAndAmortization": "400009000000",
        "incomeBeforeTax": "102037000000",
        "incomeTaxExpense": "53888000000",
        "interestAndDebtExpense": "None",
        "netIncomeFromContinuingOperations": "None",
        "comprehensiveIncomeNetOfTax": "None",
        "ebit": "669412000000",
        "ebitda": "1069421000000",
        "netIncome": "126328000000"
      },
      {
        "fiscalDateEnding": "2006-03-31",
        "reportedCurrency": "JPY",
        "grossProfit": "2323799470000",
        "totalRevenue": "7474576385000",
        "costOfRevenue": "5150776914000",
        "costofGoodsAndServicesSold": "5150776914000",
        "operatingIncome": "226416000000",
        "sellingGeneralAndAdministrative": "2058615850500",
        "researchAndDevelopment": "4526685000",
        "operatingExpenses": "2132532989000",
        "investmentIncomeNet": "None",
        "netInterestIncome": "None",
        "interestIncome": "None",
        "interestExpense": "560805000000",
        "nonInterestIncome": "None",
        "otherNonOperatingIncome": "None",
        "depreciation": "None",
        "depreciationAndAmortization": "381843000000",
        "incomeBeforeTax": "286252358000",
        "incomeTaxExpense": "176435973000",
        "interestAndDebtExpense": "None",
        "netIncomeFromContinuingOperations": "None",
        "comprehensiveIncomeNetOfTax": "None",
        "ebit": "847134000000",
        "ebitda": "1228977000000",
        "netIncome": "123587573000"
      }
    ],
    "quarterlyReports": [
      {
        "fiscalDateEnding": "2025-09-30",
        "reportedCurrency": "JPY",
        "grossProfit": "1007534000000",
        "totalRevenue": "3107907000000",
        "costOfRevenue": "2100373000000",
        "costofGoodsAndServicesSold": "2100373000000",
        "operatingIncome": "428974000000",
        "sellingGeneralAndAdministrative": "552949000000",
        "researchAndDevelopment": "None",
        "operatingExpenses": "578560000000",
        "investmentIncomeNet": "None",
        "netInterestIncome": "12787000000",
        "interestIncome": "31453000000",
        "interestExpense": "18666000000",
        "nonInterestIncome": "None",
        "otherNonOperatingIncome": "None",
        "depreciation": "None",
        "depreciationAndAmortization": "282180000000",
        "incomeBeforeTax": "441761000000",
        "incomeTaxExpense": "123354000000",
        "interestAndDebtExpense": "None",
        "netIncomeFromContinuingOperations": "318407000000",
        "comprehensiveIncomeNetOfTax": "None",
        "ebit": "460427000000",
        "ebitda": "742607000000",
        "netIncome": "361968000000"
      },
      {
        "fiscalDateEnding": "2025-06-30",
        "reportedCurrency": "JPY",
        "grossProfit": "846548000000",
        "totalRevenue": "2621615000000",
        "costOfRevenue": "1775067000000",
        "costofGoodsAndServicesSold": "1775067000000",
        "operatingIncome": "339955000000",
        "sellingGeneralAndAdministrative": "514802000000",
        "researchAndDevelopment": "None",
        "operatingExpenses": "506593000000",
        "investmentIncomeNet": "None",
        "netInterestIncome": "16646000000",
        "interestIncome": "51654000000",
        "interestExpense": "35008000000",
        "nonInterestIncome": "None",
        "otherNonOperatingIncome": "None",
        "depreciation": "None",
        "depreciationAndAmortization": "274399000000",
        "incomeBeforeTax": "356601000000",
        "incomeTaxExpense": "93781000000",
        "interestAndDebtExpense": "None",
        "netIncomeFromContinuingOperations": "262820000000",
        "comprehensiveIncomeNetOfTax": "None",
        "ebit": "391609000000",
        "ebitda": "666008000000",
        "netIncome": "236909000000"
      },
      {
        "fiscalDateEnding": "2025-03-31",
        "reportedCurrency": "JPY",
        "grossProfit": "830419000000",
        "totalRevenue": "2630244000000",
        "costOfRevenue": "1799825000000",
        "costofGoodsAndServicesSold": "1799825000000",
        "operatingIncome": "203649000000",
        "sellingGeneralAndAdministrative": "185429000000",
        "researchAndDevelopment": "734578000000",
        "operatingExpenses": "626770000000",
        "investmentIncomeNet": "None",
        "netInterestIncome": "-68333000000",
        "interestIncome": "56933000000",
        "interestExpense": "9329000000",
        "nonInterestIncome": "None",
        "otherNonOperatingIncome": "None",
        "depreciation": "None",
        "depreciationAndAmortization": "305141000000",
        "incomeBeforeTax": "212559000000",
        "incomeTaxExpense": "3897000000",
        "interestAndDebtExpense": "None",
        "netIncomeFromContinuingOperations": "208662000000",
        "comprehensiveIncomeNetOfTax": "None",
        "ebit": "219296000000",
        "ebitda": "524437000000",
        "netIncome": "197727000000"
      },
      {
        "fiscalDateEnding": "2024-12-31",
        "reportedCurrency": "USD",
        "grossProfit": "1044272000000",
        "totalRevenue": "4409574000000",
        "costOfRevenue": "3365302000000",
        "costofGoodsAndServicesSold": "3365302000000",
        "operatingIncome": "469331000000",
        "sellingGeneralAndAdministrative": "576754000000",
        "researchAndDevelopment": "None",
        "operatingExpenses": "574941000000",
        "investmentIncomeNet": "None",
        "netInterestIncome": "24722000000",
        "interestIncome": "41942000000",
        "interestExpense": "17220000000",
        "nonInterestIncome": "None",
        "otherNonOperatingIncome": "None",
        "depreciation": "None",
        "depreciationAndAmortization": "298663000000",
        "incomeBeforeTax": "494053000000",
        "incomeTaxExpense": "118481000000",
        "interestAndDebtExpense": "None",
        "netIncomeFromContinuingOperations": "375572000000",
        "comprehensiveIncomeNetOfTax": "None",
        "ebit": "511273000000",
        "ebitda": "809936000000",
        "netIncome": "373739000000"
      },
      {
        "fiscalDateEnding": "2024-09-30",
        "reportedCurrency": "JPY",
        "grossProfit": "992309000000",
        "totalRevenue": "2905597000000",
        "costOfRevenue": "1913288000000",
        "costofGoodsAndServicesSold": "1913288000000",
        "operatingIncome": "455077000000",
        "sellingGeneralAndAdministrative": "537437000000",
        "researchAndDevelopment": "372100000000",
        "operatingExpenses": "537232000000",
        "investmentIncomeNet": "None",
        "netInterestIncome": "-4830000000",
        "interestIncome": "30653000000",
        "interestExpense": "35483000000",
        "nonInterestIncome": "None",
        "otherNonOperatingIncome": "None",
        "depreciation": "None",
        "depreciationAndAmortization": "280679000000",
        "incomeBeforeTax": "450247000000",
        "incomeTaxExpense": "110422000000",
        "interestAndDebtExpense": "None",
        "netIncomeFromContinuingOperations": "339825000000",
        "comprehensiveIncomeNetOfTax": "None",
        "ebit": "457753000000",
        "ebitda": "738432000000",
        "netIncome": "338496000000"
      },
      {
        "fiscalDateEnding": "2024-06-30",
        "reportedCurrency": "JPY",
        "grossProfit": "780972000000",
        "totalRevenue": "2565361000000",
        "costOfRevenue": "1784389000000",
        "costofGoodsAndServicesSold": "1784389000000",
        "operatingIncome": "249121000000",
        "sellingGeneralAndAdministrative": "543414000000",
        "researchAndDevelopment": "None",
        "operatingExpenses": "531851000000",
        "investmentIncomeNet": "None",
        "netInterestIncome": "37761000000",
        "interestIncome": "53230000000",
        "interestExpense": "15469000000",
        "nonInterestIncome": "None",
        "otherNonOperatingIncome": "None",
        "depreciation": "None",
        "depreciationAndAmortization": "261674000000",
        "incomeBeforeTax": "286882000000",
        "incomeTaxExpense": "72539000000",
        "interestAndDebtExpense": "None",
        "netIncomeFromContinuingOperations": "235828000000",
        "comprehensiveIncomeNetOfTax": "None",
        "ebit": "247465000000",
        "ebitda": "509139000000",
        "netIncome": "231638000000"
      },
      {
        "fiscalDateEnding": "2024-03-31",
        "reportedCurrency": "JPY",
        "grossProfit": "839722000000",
        "totalRevenue": "3480966000000",
        "costOfRevenue": "2641244000000",
        "costofGoodsAndServicesSold": "2641244000000",
        "operatingIncome": "229442000000",
        "sellingGeneralAndAdministrative": "185121000000",
        "researchAndDevelopment": "742772000000",
        "operatingExpenses": "610280000000",
        "investmentIncomeNet": "None",
        "netInterestIncome": "-18498000000",
        "interestIncome": "28157000000",
        "interestExpense": "18498000000",
        "nonInterestIncome": "None",
        "otherNonOperatingIncome": "None",
        "depreciation": "None",
        "depreciationAndAmortization": "91068250000",
        "incomeBeforeTax": "276478000000",
        "incomeTaxExpense": "82453000000",
        "interestAndDebtExpense": "None",
        "netIncomeFromContinuingOperations": "194025000000",
        "comprehensiveIncomeNetOfTax": "None",
        "ebit": "213863000000",
        "ebitda": "304931250000",
        "netIncome": "189005000000"
      },
      {
        "fiscalDateEnding": "2023-12-31",
        "reportedCurrency": "JPY",
        "grossProfit": "1011038000000",
        "totalRevenue": "3747527000000",
        "costOfRevenue": "2736489000000",
        "costofGoodsAndServicesSold": "2736489000000",
        "operatingIncome": "463338000000",
        "sellingGeneralAndAdministrative": "185121000000",
        "researchAndDevelopment": "190100000000",
        "operatingExpenses": "547700000000",
        "investmentIncomeNet": "None",
        "netInterestIncome": "-4783000000",
        "interestIncome": "33959000000",
        "interestExpense": "38742000000",
        "nonInterestIncome": "None",
        "otherNonOperatingIncome": "None",
        "depreciation": "None",
        "depreciationAndAmortization": "281564000000",
        "incomeBeforeTax": "458555000000",
        "incomeTaxExpense": "91184000000",
        "interestAndDebtExpense": "None",
        "netIncomeFromContinuingOperations": "367371000000",
        "comprehensiveIncomeNetOfTax": "None",
        "ebit": "497297000000",
        "ebitda": "778861000000",
        "netIncome": "363918000000"
      },
      {
        "fiscalDateEnding": "2023-09-30",
        "reportedCurrency": "JPY",
        "grossProfit": "775415000000",
        "totalRevenue": "2828623000000",
        "costOfRevenue": "2053208000000",
        "costofGoodsAndServicesSold": "2053208000000",
        "operatingIncome": "263009000000",
        "sellingGeneralAndAdministrative": "518729000000",
        "researchAndDevelopment": "180500000000",
        "operatingExpenses": "512406000000",
        "investmentIncomeNet": "None",
        "netInterestIncome": "-5414000000",
        "interestIncome": "12617000000",
        "interestExpense": "18031000000",
        "nonInterestIncome": "None",
        "otherNonOperatingIncome": "None",
        "depreciation": "None",
        "depreciationAndAmortization": "318699000000",
        "incomeBeforeTax": "257595000000",
        "incomeTaxExpense": "56439000000",
        "interestAndDebtExpense": "None",
        "netIncomeFromContinuingOperations": "201156000000",
        "comprehensiveIncomeNetOfTax": "None",
        "ebit": "275626000000",
        "ebitda": "594325000000",
        "netIncome": "200105000000"
      },
      {
        "fiscalDateEnding": "2023-06-30",
        "reportedCurrency": "JPY",
        "grossProfit": "714599000000",
        "totalRevenue": "2963652000000",
        "costOfRevenue": "2249053000000",
        "costofGoodsAndServicesSold": "2249053000000",
        "operatingIncome": "253042000000",
        "sellingGeneralAndAdministrative": "474939000000",
        "researchAndDevelopment": "177800000000",
        "operatingExpenses": "461557000000",
        "investmentIncomeNet": "None",
        "netInterestIncome": "22992000000",
        "interestIncome": "31912000000",
        "interestExpense": "8920000000",
        "nonInterestIncome": "None",
        "otherNonOperatingIncome": "None",
        "depreciation": "None",
        "depreciationAndAmortization": "251767000000",
        "incomeBeforeTax": "276034000000",
        "incomeTaxExpense": "58092000000",
        "interestAndDebtExpense": "None",
        "netIncomeFromContinuingOperations": "217942000000",
        "comprehensiveIncomeNetOfTax": "None",
        "ebit": "284954000000",
        "ebitda": "536721000000",
        "netIncome": "217545000000"
      },
      {
        "fiscalDateEnding": "2023-03-31",
        "reportedCurrency": "JPY",
        "grossProfit": "701582000000",
        "totalRevenue": "3040845000000",
        "costOfRevenue": "2339263000000",
        "costofGoodsAndServicesSold": "2339263000000",
        "operatingIncome": "146540000000",
        "sellingGeneralAndAdministrative": "159628000000",
        "researchAndDevelopment": "735698000000",
        "operatingExpenses": "555042000000",
        "investmentIncomeNet": "None",
        "netInterestIncome": "16138000000",
        "interestIncome": "38574000000",
        "interestExpense": "169460593",
        "nonInterestIncome": "None",
        "otherNonOperatingIncome": "None",
        "depreciation": "None",
        "depreciationAndAmortization": "268948000000",
        "incomeBeforeTax": "162678000000",
        "incomeTaxExpense": "20716000000",
        "interestAndDebtExpense": "None",
        "netIncomeFromContinuingOperations": "129139000000",
        "comprehensiveIncomeNetOfTax": "None",
        "ebit": "151569000000",
        "ebitda": "420517000000",
        "netIncome": "140981000000"
      },
      {
        "fiscalDateEnding": "2022-12-31",
        "reportedCurrency": "JPY",
        "grossProfit": "8018345572",
        "totalRevenue": "21767574056",
        "costOfRevenue": "13749228483",
        "costofGoodsAndServicesSold": "13749228483",
        "operatingIncome": "2918617541",
        "sellingGeneralAndAdministrative": "159628000000",
        "researchAndDevelopment": "1357687291",
        "operatingExpenses": "5099728031",
        "investmentIncomeNet": "None",
        "netInterestIncome": "-30158000000",
        "interestIncome": "6943000000",
        "interestExpense": "37101000000",
        "nonInterestIncome": "None",
        "otherNonOperatingIncome": "None",
        "depreciation": "None",
        "depreciationAndAmortization": "1753884484",
        "incomeBeforeTax": "2767864752",
        "incomeTaxExpense": "482297196",
        "interestAndDebtExpense": "None",
        "netIncomeFromContinuingOperations": "328506000000",
        "comprehensiveIncomeNetOfTax": "None",
        "ebit": "2978207284",
        "ebitda": "4732091768",
        "netIncome": "2273567580"
      },
      {
        "fiscalDateEnding": "2022-09-30",
        "reportedCurrency": "JPY",
        "grossProfit": "837861000000",
        "totalRevenue": "2625464000000",
        "costOfRevenue": "1787603000000",
        "costofGoodsAndServicesSold": "1787603000000",
        "operatingIncome": "369403000000",
        "sellingGeneralAndAdministrative": "482457000000",
        "researchAndDevelopment": "181400000000",
        "operatingExpenses": "468458000000",
        "investmentIncomeNet": "None",
        "netInterestIncome": "1714000000",
        "interestIncome": "18594000000",
        "interestExpense": "16880000000",
        "nonInterestIncome": "None",
        "otherNonOperatingIncome": "None",
        "depreciation": "None",
        "depreciationAndAmortization": "242142000000",
        "incomeBeforeTax": "371117000000",
        "incomeTaxExpense": "85728000000",
        "interestAndDebtExpense": "None",
        "netIncomeFromContinuingOperations": "267671000000",
        "comprehensiveIncomeNetOfTax": "None",
        "ebit": "387997000000",
        "ebitda": "630139000000",
        "netIncome": "281681000000"
      },
      {
        "fiscalDateEnding": "2022-06-30",
        "reportedCurrency": "JPY",
        "grossProfit": "7091395012",
        "totalRevenue": "17173466833",
        "costOfRevenue": "10082071820",
        "costofGoodsAndServicesSold": "10082071820",
        "operatingIncome": "2748535669",
        "sellingGeneralAndAdministrative": "406766000000",
        "researchAndDevelopment": "1209974005",
        "operatingExpenses": "4342859343",
        "investmentIncomeNet": "None",
        "netInterestIncome": "-15587000000",
        "interestIncome": "14382000000",
        "interestExpense": "29969000000",
        "nonInterestIncome": "None",
        "otherNonOperatingIncome": "None",
        "depreciation": "None",
        "depreciationAndAmortization": "1890601713",
        "incomeBeforeTax": "2690116491",
        "incomeTaxExpense": "678340232",
        "interestAndDebtExpense": "None",
        "netIncomeFromContinuingOperations": "218306000000",
        "comprehensiveIncomeNetOfTax": "None",
        "ebit": "2880292671",
        "ebitda": "4770894384",
        "netIncome": "2010929045"
      },
      {
        "fiscalDateEnding": "2022-03-31",
        "reportedCurrency": "JPY",
        "grossProfit": "589490000000",
        "totalRevenue": "2263986000000",
        "costOfRevenue": "1674496000000",
        "costofGoodsAndServicesSold": "1674496000000",
        "operatingIncome": "138629000000",
        "sellingGeneralAndAdministrative": "102045000000",
        "researchAndDevelopment": "618368000000",
        "operatingExpenses": "450861000000",
        "investmentIncomeNet": "None",
        "netInterestIncome": "-49004000000",
        "interestIncome": "6924000000",
        "interestExpense": "29969000000",
        "nonInterestIncome": "None",
        "otherNonOperatingIncome": "None",
        "depreciation": "None",
        "depreciationAndAmortization": "215118000000",
        "incomeBeforeTax": "89625000000",
        "incomeTaxExpense": "-23346000000",
        "interestAndDebtExpense": "None",
        "netIncomeFromContinuingOperations": "112971000000",
        "comprehensiveIncomeNetOfTax": "None",
        "ebit": "138952000000",
        "ebitda": "354070000000",
        "netIncome": "111082000000"
      },
      {
        "fiscalDateEnding": "2021-12-31",
        "reportedCurrency": "JPY",
        "grossProfit": "810257000000",
        "totalRevenue": "3031319000000",
        "costOfRevenue": "2221062000000",
        "costofGoodsAndServicesSold": "2221062000000",
        "operatingIncome": "465183000000",
        "sellingGeneralAndAdministrative": "102045000000",
        "researchAndDevelopment": "155100000000",
        "operatingExpenses": "345074000000",
        "investmentIncomeNet": "None",
        "netInterestIncome": "-3614000000",
        "interestIncome": "4962000000",
        "interestExpense": "8576000000",
        "nonInterestIncome": "None",
        "otherNonOperatingIncome": "None",
        "depreciation": "None",
        "depreciationAndAmortization": "236201000000",
        "incomeBeforeTax": "461569000000",
        "incomeTaxExpense": "113645000000",
        "interestAndDebtExpense": "None",
        "netIncomeFromContinuingOperations": "347924000000",
        "comprehensiveIncomeNetOfTax": "None",
        "ebit": "470145000000",
        "ebitda": "706346000000",
        "netIncome": "346161000000"
      },
      {
        "fiscalDateEnding": "2021-09-30",
        "reportedCurrency": "JPY",
        "grossProfit": "681260000000",
        "totalRevenue": "2369365000000",
        "costOfRevenue": "1688105000000",
        "costofGoodsAndServicesSold": "1688105000000",
        "operatingIncome": "318459000000",
        "sellingGeneralAndAdministrative": "369908000000",
        "researchAndDevelopment": "137600000000",
        "operatingExpenses": "362801000000",
        "investmentIncomeNet": "None",
        "netInterestIncome": "-35360000000",
        "interestIncome": "4812000000",
        "interestExpense": "40172000000",
        "nonInterestIncome": "None",
        "otherNonOperatingIncome": "None",
        "depreciation": "None",
        "depreciationAndAmortization": "205992000000",
        "incomeBeforeTax": "283099000000",
        "incomeTaxExpense": "68703000000",
        "interestAndDebtExpense": "None",
        "netIncomeFromContinuingOperations": "214396000000",
        "comprehensiveIncomeNetOfTax": "None",
        "ebit": "323271000000",
        "ebitda": "529263000000",
        "netIncome": "213106000000"
      },
      {
        "fiscalDateEnding": "2021-06-30",
        "reportedCurrency": "JPY",
        "grossProfit": "6889519009",
        "totalRevenue": "20629616717",
        "costOfRevenue": "13740097707",
        "costofGoodsAndServicesSold": "13740097707",
        "operatingIncome": "2511001023",
        "sellingGeneralAndAdministrative": "345302000000",
        "researchAndDevelopment": "1222140731",
        "operatingExpenses": "4378517985",
        "investmentIncomeNet": "None",
        "netInterestIncome": "3142000000",
        "interestIncome": "11685000000",
        "interestExpense": "8543000000",
        "nonInterestIncome": "None",
        "otherNonOperatingIncome": "None",
        "depreciation": "None",
        "depreciationAndAmortization": "1763868093",
        "incomeBeforeTax": "2588799375",
        "incomeTaxExpense": "640732644",
        "interestAndDebtExpense": "None",
        "netIncomeFromContinuingOperations": "213115000000",
        "comprehensiveIncomeNetOfTax": "None",
        "ebit": "2627876800",
        "ebitda": "4391744893",
        "netIncome": "1936311511"
      },
      {
        "fiscalDateEnding": "2021-03-31",
        "reportedCurrency": "JPY",
        "grossProfit": "6530047813",
        "totalRevenue": "21080364676",
        "costOfRevenue": "14550316862",
        "costofGoodsAndServicesSold": "14550316862",
        "operatingIncome": "830539714",
        "sellingGeneralAndAdministrative": "175668000000",
        "researchAndDevelopment": "1580183804",
        "operatingExpenses": "5699508099",
        "investmentIncomeNet": "None",
        "netInterestIncome": "-1572000000",
        "interestIncome": "3348000000",
        "interestExpense": "4920000000",
        "nonInterestIncome": "None",
        "otherNonOperatingIncome": "None",
        "depreciation": "None",
        "depreciationAndAmortization": "1857432513",
        "incomeBeforeTax": "394892792",
        "incomeTaxExpense": "-237606742",
        "interestAndDebtExpense": "None",
        "netIncomeFromContinuingOperations": "107122000000",
        "comprehensiveIncomeNetOfTax": "None",
        "ebit": "649869998",
        "ebitda": "2507302511",
        "netIncome": "628644670"
      },
      {
        "fiscalDateEnding": "2020-12-31",
        "reportedCurrency": "JPY",
        "grossProfit": "8500937924",
        "totalRevenue": "25783119269",
        "costOfRevenue": "17282181344",
        "costofGoodsAndServicesSold": "17282181344",
        "operatingIncome": "3358153245",
        "sellingGeneralAndAdministrative": "168256000000",
        "researchAndDevelopment": "1232701031",
        "operatingExpenses": "5142784679",
        "investmentIncomeNet": "None",
        "netInterestIncome": "-1003000000",
        "interestIncome": "1753000000",
        "interestExpense": "5012000000",
        "nonInterestIncome": "None",
        "otherNonOperatingIncome": "None",
        "depreciation": "None",
        "depreciationAndAmortization": "1861522117",
        "incomeBeforeTax": "3672999252",
        "incomeTaxExpense": "696791914",
        "interestAndDebtExpense": "None",
        "netIncomeFromContinuingOperations": "373710000000",
        "comprehensiveIncomeNetOfTax": "None",
        "ebit": "3679593434",
        "ebitda": "5541115551",
        "netIncome": "2973900809"
      },
      {
        "fiscalDateEnding": "2020-09-30",
        "reportedCurrency": "JPY",
        "grossProfit": "7183649499",
        "totalRevenue": "19833257723",
        "costOfRevenue": "12649608224",
        "costofGoodsAndServicesSold": "12649608224",
        "operatingIncome": "2898198647",
        "sellingGeneralAndAdministrative": "329307000000",
        "researchAndDevelopment": "1202177211",
        "operatingExpenses": "4285450852",
        "investmentIncomeNet": "None",
        "netInterestIncome": "-184000000",
        "interestIncome": "15281000000",
        "interestExpense": "15166000000",
        "nonInterestIncome": "None",
        "otherNonOperatingIncome": "None",
        "depreciation": "None",
        "depreciationAndAmortization": "1635450923",
        "incomeBeforeTax": "2861558621",
        "incomeTaxExpense": "-1487364548",
        "interestAndDebtExpense": "None",
        "netIncomeFromContinuingOperations": "463502000000",
        "comprehensiveIncomeNetOfTax": "None",
        "ebit": "2980457344",
        "ebitda": "4615908267",
        "netIncome": "4320649394"
      },
      {
        "fiscalDateEnding": "2020-06-30",
        "reportedCurrency": "JPY",
        "grossProfit": "511622000000",
        "totalRevenue": "1962949000000",
        "costOfRevenue": "1451327000000",
        "costofGoodsAndServicesSold": "1451327000000",
        "operatingIncome": "221725000000",
        "sellingGeneralAndAdministrative": "329307000000",
        "researchAndDevelopment": "None",
        "operatingExpenses": "289897000000",
        "investmentIncomeNet": "None",
        "netInterestIncome": "1031000000",
        "interestIncome": "92877000000",
        "interestExpense": "9839000000",
        "nonInterestIncome": "None",
        "otherNonOperatingIncome": "None",
        "depreciation": "None",
        "depreciationAndAmortization": "161513000000",
        "incomeBeforeTax": "268562000000",
        "incomeTaxExpense": "64344000000",
        "interestAndDebtExpense": "None",
        "netIncomeFromContinuingOperations": "247041000000",
        "comprehensiveIncomeNetOfTax": "None",
        "ebit": "278401000000",
        "ebitda": "439914000000",
        "netIncome": "193583000000"
      },
      {
        "fiscalDateEnding": "2020-03-31",
        "reportedCurrency": "JPY",
        "grossProfit": "452336000000",
        "totalRevenue": "1748740000000",
        "costOfRevenue": "1296404000000",
        "costofGoodsAndServicesSold": "1296404000000",
        "operatingIncome": "35447000000",
        "sellingGeneralAndAdministrative": "19667000000",
        "researchAndDevelopment": "499290000000",
        "operatingExpenses": "416889000000",
        "investmentIncomeNet": "None",
        "netInterestIncome": "2323000000",
        "interestIncome": "15462000000",
        "interestExpense": "2297000000",
        "nonInterestIncome": "None",
        "otherNonOperatingIncome": "None",
        "depreciation": "None",
        "depreciationAndAmortization": "128573000000",
        "incomeBeforeTax": "-3983000000",
        "incomeTaxExpense": "-19726000000",
        "interestAndDebtExpense": "None",
        "netIncomeFromContinuingOperations": "15743000000",
        "comprehensiveIncomeNetOfTax": "None",
        "ebit": "48918000000",
        "ebitda": "177491000000",
        "netIncome": "12644000000"
      },
      {
        "fiscalDateEnding": "2019-12-31",
        "reportedCurrency": "JPY",
        "grossProfit": "679394000000",
        "totalRevenue": "2463162000000",
        "costOfRevenue": "1783768000000",
        "costofGoodsAndServicesSold": "1783768000000",
        "operatingIncome": "300132000000",
        "sellingGeneralAndAdministrative": "38052000000",
        "researchAndDevelopment": "499290000000",
        "operatingExpenses": "379262000000",
        "investmentIncomeNet": "None",
        "netInterestIncome": "2771000000",
        "interestIncome": "15736000000",
        "interestExpense": "1129000000",
        "nonInterestIncome": "None",
        "otherNonOperatingIncome": "0",
        "depreciation": "None",
        "depreciationAndAmortization": "165738000000",
        "incomeBeforeTax": "310321000000",
        "incomeTaxExpense": "69977000000",
        "interestAndDebtExpense": "None",
        "netIncomeFromContinuingOperations": "240344000000",
        "comprehensiveIncomeNetOfTax": "None",
        "ebit": "311450000000",
        "ebitda": "477188000000",
        "netIncome": "229538000000"
      },
      {
        "fiscalDateEnding": "2019-09-30",
        "reportedCurrency": "JPY",
        "grossProfit": "753986806000",
        "totalRevenue": "2130129333000",
        "costOfRevenue": "1376142527000",
        "costofGoodsAndServicesSold": "1376142527000",
        "operatingIncome": "281505096000",
        "sellingGeneralAndAdministrative": "354916000000",
        "researchAndDevelopment": "122552804000",
        "operatingExpenses": "472481710000",
        "investmentIncomeNet": "None",
        "netInterestIncome": "2169000000",
        "interestIncome": "18427000000",
        "interestExpense": "2784000000",
        "nonInterestIncome": "None",
        "otherNonOperatingIncome": "0",
        "depreciation": "None",
        "depreciationAndAmortization": "178381000000",
        "incomeBeforeTax": "263065968000",
        "incomeTaxExpense": "62156654000",
        "interestAndDebtExpense": "None",
        "netIncomeFromContinuingOperations": "200167000000",
        "comprehensiveIncomeNetOfTax": "None",
        "ebit": "264878000000",
        "ebitda": "443259000000",
        "netIncome": "187887000000"
      },
      {
        "fiscalDateEnding": "2019-06-30",
        "reportedCurrency": "JPY",
        "grossProfit": "676500376000",
        "totalRevenue": "1888614426000",
        "costOfRevenue": "1212114050000",
        "costofGoodsAndServicesSold": "1212114050000",
        "operatingIncome": "221670377000",
        "sellingGeneralAndAdministrative": "350167000000",
        "researchAndDevelopment": "111410876000",
        "operatingExpenses": "454830000000",
        "investmentIncomeNet": "None",
        "netInterestIncome": "925000000",
        "interestIncome": "448000000",
        "interestExpense": "4880000000",
        "nonInterestIncome": "None",
        "otherNonOperatingIncome": "0",
        "depreciation": "None",
        "depreciationAndAmortization": "147068241000",
        "incomeBeforeTax": "226566178000",
        "incomeTaxExpense": "63759189000",
        "interestAndDebtExpense": "None",
        "netIncomeFromContinuingOperations": "166006000000",
        "comprehensiveIncomeNetOfTax": "None",
        "ebit": "231352139000",
        "ebitda": "378420380000",
        "netIncome": "149190540000"
      },
      {
        "fiscalDateEnding": "2019-03-31",
        "reportedCurrency": "JPY",
        "grossProfit": "509155000000",
        "totalRevenue": "2127498000000",
        "costOfRevenue": "1618343000000",
        "costofGoodsAndServicesSold": "1618343000000",
        "operatingIncome": "82730000000",
        "sellingGeneralAndAdministrative": "7562000000",
        "researchAndDevelopment": "481202000000",
        "operatingExpenses": "426425000000",
        "investmentIncomeNet": "None",
        "netInterestIncome": "4114000000",
        "interestIncome": "30401000000",
        "interestExpense": "1763000000",
        "nonInterestIncome": "None",
        "otherNonOperatingIncome": "0",
        "depreciation": "None",
        "depreciationAndAmortization": "211976000000",
        "incomeBeforeTax": "112634000000",
        "incomeTaxExpense": "11331000000",
        "interestAndDebtExpense": "None",
        "netIncomeFromContinuingOperations": "101303000000",
        "comprehensiveIncomeNetOfTax": "None",
        "ebit": "114397000000",
        "ebitda": "326373000000",
        "netIncome": "87861000000"
      },
      {
        "fiscalDateEnding": "2018-12-31",
        "reportedCurrency": "JPY",
        "grossProfit": "696673000000",
        "totalRevenue": "2401805000000",
        "costOfRevenue": "1705132000000",
        "costofGoodsAndServicesSold": "1705132000000",
        "operatingIncome": "376988000000",
        "sellingGeneralAndAdministrative": "14410000000",
        "researchAndDevelopment": "481202000000",
        "operatingExpenses": "319685000000",
        "investmentIncomeNet": "None",
        "netInterestIncome": "None",
        "interestIncome": "None",
        "interestExpense": "3510000000",
        "nonInterestIncome": "None",
        "otherNonOperatingIncome": "0",
        "depreciation": "None",
        "depreciationAndAmortization": "204825000000",
        "incomeBeforeTax": "340530000000",
        "incomeTaxExpense": "-100723000000",
        "interestAndDebtExpense": "None",
        "netIncomeFromContinuingOperations": "0",
        "comprehensiveIncomeNetOfTax": "None",
        "ebit": "344040000000",
        "ebitda": "548865000000",
        "netIncome": "428962000000"
      },
      {
        "fiscalDateEnding": "2018-09-30",
        "reportedCurrency": "JPY",
        "grossProfit": "647682000000",
        "totalRevenue": "2182760000000",
        "costOfRevenue": "1535078000000",
        "costofGoodsAndServicesSold": "1535078000000",
        "operatingIncome": "239511000000",
        "sellingGeneralAndAdministrative": "397129000000",
        "researchAndDevelopment": "0",
        "operatingExpenses": "408171000000",
        "investmentIncomeNet": "None",
        "netInterestIncome": "None",
        "interestIncome": "None",
        "interestExpense": "3876000000",
        "nonInterestIncome": "None",
        "otherNonOperatingIncome": "0",
        "depreciation": "None",
        "depreciationAndAmortization": "161474000000",
        "incomeBeforeTax": "246398000000",
        "incomeTaxExpense": "59268000000",
        "interestAndDebtExpense": "None",
        "netIncomeFromContinuingOperations": "1642571867.46",
        "comprehensiveIncomeNetOfTax": "None",
        "ebit": "250274000000",
        "ebitda": "411748000000",
        "netIncome": "173001000000"
      },
      {
        "fiscalDateEnding": "2018-06-30",
        "reportedCurrency": "JPY",
        "grossProfit": "548981000000",
        "totalRevenue": "1953624000000",
        "costOfRevenue": "1404643000000",
        "costofGoodsAndServicesSold": "1404643000000",
        "operatingIncome": "195006000000",
        "sellingGeneralAndAdministrative": "3153983497.90",
        "researchAndDevelopment": "0",
        "operatingExpenses": "349761000000",
        "investmentIncomeNet": "None",
        "netInterestIncome": "None",
        "interestIncome": "None",
        "interestExpense": "3318000000",
        "nonInterestIncome": "None",
        "otherNonOperatingIncome": "0",
        "depreciation": "None",
        "depreciationAndAmortization": "144244000000",
        "incomeBeforeTax": "312086000000",
        "incomeTaxExpense": "75222000000",
        "interestAndDebtExpense": "None",
        "netIncomeFromContinuingOperations": "2135930384.60",
        "comprehensiveIncomeNetOfTax": "None",
        "ebit": "315404000000",
        "ebitda": "459648000000",
        "netIncome": "226447000000"
      },
      {
        "fiscalDateEnding": "2018-03-31",
        "reportedCurrency": "JPY",
        "grossProfit": "489266000000",
        "totalRevenue": "1951021000000",
        "costOfRevenue": "1461755000000",
        "costofGoodsAndServicesSold": "1461755000000",
        "operatingIncome": "22184000000",
        "sellingGeneralAndAdministrative": "2098000000",
        "researchAndDevelopment": "458518000000",
        "operatingExpenses": "467082000000",
        "investmentIncomeNet": "None",
        "netInterestIncome": "None",
        "interestIncome": "None",
        "interestExpense": "2784000000",
        "nonInterestIncome": "None",
        "otherNonOperatingIncome": "None",
        "depreciation": "None",
        "depreciationAndAmortization": "204559000000",
        "incomeBeforeTax": "8471000000",
        "incomeTaxExpense": "13289000000",
        "interestAndDebtExpense": "None",
        "netIncomeFromContinuingOperations": "-4818000000",
        "comprehensiveIncomeNetOfTax": "None",
        "ebit": "9518000000",
        "ebitda": "214077000000",
        "netIncome": "-16826000000"
      },
      {
        "fiscalDateEnding": "2017-12-31",
        "reportedCurrency": "JPY",
        "grossProfit": "748951000000",
        "totalRevenue": "2672317000000",
        "costOfRevenue": "1923366000000",
        "costofGoodsAndServicesSold": "1923366000000",
        "operatingIncome": "350837000000",
        "sellingGeneralAndAdministrative": "16901000000",
        "researchAndDevelopment": "458518000000",
        "operatingExpenses": "398114000000",
        "investmentIncomeNet": "None",
        "netInterestIncome": "None",
        "interestIncome": "None",
        "interestExpense": "3536000000",
        "nonInterestIncome": "None",
        "otherNonOperatingIncome": "None",
        "depreciation": "None",
        "depreciationAndAmortization": "189989000000",
        "incomeBeforeTax": "343119000000",
        "incomeTaxExpense": "28234000000",
        "interestAndDebtExpense": "None",
        "netIncomeFromContinuingOperations": "360867000000",
        "comprehensiveIncomeNetOfTax": "None",
        "ebit": "344458000000",
        "ebitda": "534447000000",
        "netIncome": "295897000000"
      },
      {
        "fiscalDateEnding": "2017-09-30",
        "reportedCurrency": "JPY",
        "grossProfit": "587580000000",
        "totalRevenue": "2062531000000",
        "costOfRevenue": "1474951000000",
        "costofGoodsAndServicesSold": "1474951000000",
        "operatingIncome": "204228000000",
        "sellingGeneralAndAdministrative": "386279000000",
        "researchAndDevelopment": "964042000",
        "operatingExpenses": "386279000000",
        "investmentIncomeNet": "None",
        "netInterestIncome": "None",
        "interestIncome": "None",
        "interestExpense": "2730000000",
        "nonInterestIncome": "None",
        "otherNonOperatingIncome": "None",
        "depreciation": "None",
        "depreciationAndAmortization": "170888000000",
        "incomeBeforeTax": "198565000000",
        "incomeTaxExpense": "55751000000",
        "interestAndDebtExpense": "None",
        "netIncomeFromContinuingOperations": "-140380000000",
        "comprehensiveIncomeNetOfTax": "None",
        "ebit": "197930000000",
        "ebitda": "368818000000",
        "netIncome": "130852000000"
      },
      {
        "fiscalDateEnding": "2017-06-30",
        "reportedCurrency": "JPY",
        "grossProfit": "487763000000",
        "totalRevenue": "1858113000000",
        "costOfRevenue": "1370350000000",
        "costofGoodsAndServicesSold": "1370350000000",
        "operatingIncome": "157611000000",
        "sellingGeneralAndAdministrative": "357379000000",
        "researchAndDevelopment": "905596000",
        "operatingExpenses": "330152000000",
        "investmentIncomeNet": "None",
        "netInterestIncome": "None",
        "interestIncome": "None",
        "interestExpense": "4516000000",
        "nonInterestIncome": "None",
        "otherNonOperatingIncome": "None",
        "depreciation": "None",
        "depreciationAndAmortization": "162581000000",
        "incomeBeforeTax": "148894000000",
        "incomeTaxExpense": "54496000000",
        "interestAndDebtExpense": "None",
        "netIncomeFromContinuingOperations": "94398000000",
        "comprehensiveIncomeNetOfTax": "None",
        "ebit": "153410000000",
        "ebitda": "315991000000",
        "netIncome": "80871000000"
      },
      {
        "fiscalDateEnding": "2017-03-31",
        "reportedCurrency": "JPY",
        "grossProfit": "493914000000",
        "totalRevenue": "1903604000000",
        "costOfRevenue": "1409690000000",
        "costofGoodsAndServicesSold": "1409690000000",
        "operatingIncome": "94391000000",
        "sellingGeneralAndAdministrative": "54045000000",
        "researchAndDevelopment": "447456000000",
        "operatingExpenses": "399523000000",
        "investmentIncomeNet": "None",
        "netInterestIncome": "None",
        "interestIncome": "None",
        "interestExpense": "2642000000",
        "nonInterestIncome": "None",
        "otherNonOperatingIncome": "None",
        "depreciation": "None",
        "depreciationAndAmortization": "174460000000",
        "incomeBeforeTax": "87856000000",
        "incomeTaxExpense": "43127000000",
        "interestAndDebtExpense": "None",
        "netIncomeFromContinuingOperations": "127561000000",
        "comprehensiveIncomeNetOfTax": "None",
        "ebit": "90498000000",
        "ebitda": "264958000000",
        "netIncome": "27650000000"
      },
      {
        "fiscalDateEnding": "2016-12-31",
        "reportedCurrency": "JPY",
        "grossProfit": "615723000000",
        "totalRevenue": "2397499000000",
        "costOfRevenue": "1781776000000",
        "costofGoodsAndServicesSold": "1781776000000",
        "operatingIncome": "92372000000",
        "sellingGeneralAndAdministrative": "54045000000",
        "researchAndDevelopment": "447456000000",
        "operatingExpenses": "523351000000",
        "investmentIncomeNet": "None",
        "netInterestIncome": "None",
        "interestIncome": "None",
        "interestExpense": "3749000000",
        "nonInterestIncome": "None",
        "otherNonOperatingIncome": "None",
        "depreciation": "None",
        "depreciationAndAmortization": "146938000000",
        "incomeBeforeTax": "66227000000",
        "incomeTaxExpense": "36956000000",
        "interestAndDebtExpense": "None",
        "netIncomeFromContinuingOperations": "0",
        "comprehensiveIncomeNetOfTax": "None",
        "ebit": "69234000000",
        "ebitda": "216172000000",
        "netIncome": "19631000000"
      },
      {
        "fiscalDateEnding": "2016-09-30",
        "reportedCurrency": "JPY",
        "grossProfit": "414514000000",
        "totalRevenue": "1688948000000",
        "costOfRevenue": "1274434000000",
        "costofGoodsAndServicesSold": "1274434000000",
        "operatingIncome": "45747000000",
        "sellingGeneralAndAdministrative": "338347000000",
        "researchAndDevelopment": "106157000000",
        "operatingExpenses": "368767000000",
        "investmentIncomeNet": "None",
        "netInterestIncome": "None",
        "interestIncome": "None",
        "interestExpense": "4352000000",
        "nonInterestIncome": "None",
        "otherNonOperatingIncome": "None",
        "depreciation": "None",
        "depreciationAndAmortization": "150661000000",
        "incomeBeforeTax": "40520000000",
        "incomeTaxExpense": "23500000000",
        "interestAndDebtExpense": "None",
        "netIncomeFromContinuingOperations": "0",
        "comprehensiveIncomeNetOfTax": "None",
        "ebit": "43322000000",
        "ebitda": "193983000000",
        "netIncome": "4842000000"
      },
      {
        "fiscalDateEnding": "2016-06-30",
        "reportedCurrency": "JPY",
        "grossProfit": "415945000000",
        "totalRevenue": "1613199000000",
        "costOfRevenue": "1197254000000",
        "costofGoodsAndServicesSold": "1197254000000",
        "operatingIncome": "56192000000",
        "sellingGeneralAndAdministrative": "0",
        "researchAndDevelopment": "106157000000",
        "operatingExpenses": "359753000000",
        "investmentIncomeNet": "None",
        "netInterestIncome": "None",
        "interestIncome": "None",
        "interestExpense": "3801000000",
        "nonInterestIncome": "None",
        "otherNonOperatingIncome": "None",
        "depreciation": "None",
        "depreciationAndAmortization": "157724000000",
        "incomeBeforeTax": "57016000000",
        "incomeTaxExpense": "20475000000",
        "interestAndDebtExpense": "None",
        "netIncomeFromContinuingOperations": "0",
        "comprehensiveIncomeNetOfTax": "None",
        "ebit": "57879000000",
        "ebitda": "215603000000",
        "netIncome": "21166000000"
      },
      {
        "fiscalDateEnding": "2016-03-31",
        "reportedCurrency": "JPY",
        "grossProfit": "401833000000",
        "totalRevenue": "1824101000000",
        "costOfRevenue": "1422268000000",
        "costofGoodsAndServicesSold": "1422268000000",
        "operatingIncome": "-92873000000",
        "sellingGeneralAndAdministrative": "42156000000",
        "researchAndDevelopment": "468183000000",
        "operatingExpenses": "494706000000",
        "investmentIncomeNet": "None",
        "netInterestIncome": "None",
        "interestIncome": "None",
        "interestExpense": "5965000000",
        "nonInterestIncome": "None",
        "otherNonOperatingIncome": "None",
        "depreciation": "None",
        "depreciationAndAmortization": "220905000000",
        "incomeBeforeTax": "-99680000000",
        "incomeTaxExpense": "-24565000000",
        "interestAndDebtExpense": "None",
        "netIncomeFromContinuingOperations": "209715000000",
        "comprehensiveIncomeNetOfTax": "None",
        "ebit": "-93715000000",
        "ebitda": "127190000000",
        "netIncome": "-88337000000"
      },
      {
        "fiscalDateEnding": "2015-12-31",
        "reportedCurrency": "JPY",
        "grossProfit": "690037000000",
        "totalRevenue": "2580812000000",
        "costOfRevenue": "1890775000000",
        "costofGoodsAndServicesSold": "1890775000000",
        "operatingIncome": "202145000000",
        "sellingGeneralAndAdministrative": "42156000000",
        "researchAndDevelopment": "468183000000",
        "operatingExpenses": "487892000000",
        "investmentIncomeNet": "None",
        "netInterestIncome": "None",
        "interestIncome": "None",
        "interestExpense": "8346000000",
        "nonInterestIncome": "None",
        "otherNonOperatingIncome": "None",
        "depreciation": "None",
        "depreciationAndAmortization": "174265000000",
        "incomeBeforeTax": "193280000000",
        "incomeTaxExpense": "55676000000",
        "interestAndDebtExpense": "None",
        "netIncomeFromContinuingOperations": "0",
        "comprehensiveIncomeNetOfTax": "None",
        "ebit": "200410000000",
        "ebitda": "374675000000",
        "netIncome": "120134000000"
      },
      {
        "fiscalDateEnding": "2015-09-30",
        "reportedCurrency": "JPY",
        "grossProfit": "497438000000",
        "totalRevenue": "1892740000000",
        "costOfRevenue": "1395302000000",
        "costofGoodsAndServicesSold": "1395302000000",
        "operatingIncome": "88018000000",
        "sellingGeneralAndAdministrative": "418308000000",
        "researchAndDevelopment": "971176000",
        "operatingExpenses": "418308000000",
        "investmentIncomeNet": "None",
        "netInterestIncome": "None",
        "interestIncome": "None",
        "interestExpense": "6581000000",
        "nonInterestIncome": "None",
        "otherNonOperatingIncome": "None",
        "depreciation": "None",
        "depreciationAndAmortization": "154911000000",
        "incomeBeforeTax": "72194000000",
        "incomeTaxExpense": "23866000000",
        "interestAndDebtExpense": "None",
        "netIncomeFromContinuingOperations": "0",
        "comprehensiveIncomeNetOfTax": "None",
        "ebit": "76211000000",
        "ebitda": "231122000000",
        "netIncome": "33553000000"
      },
      {
        "fiscalDateEnding": "2015-06-30",
        "reportedCurrency": "JPY",
        "grossProfit": "441752000000",
        "totalRevenue": "1808059000000",
        "costOfRevenue": "1366307000000",
        "costofGoodsAndServicesSold": "1366307000000",
        "operatingIncome": "96907000000",
        "sellingGeneralAndAdministrative": "0",
        "researchAndDevelopment": "911638000",
        "operatingExpenses": "344845000000",
        "investmentIncomeNet": "None",
        "netInterestIncome": "None",
        "interestIncome": "None",
        "interestExpense": "4394000000",
        "nonInterestIncome": "None",
        "otherNonOperatingIncome": "None",
        "depreciation": "None",
        "depreciationAndAmortization": "151538000000",
        "incomeBeforeTax": "138710000000",
        "incomeTaxExpense": "39812000000",
        "interestAndDebtExpense": "None",
        "netIncomeFromContinuingOperations": "0",
        "comprehensiveIncomeNetOfTax": "None",
        "ebit": "96907000000",
        "ebitda": "248445000000",
        "netIncome": "82441000000"
      },
      {
        "fiscalDateEnding": "2015-03-31",
        "reportedCurrency": "JPY",
        "grossProfit": "432445000000",
        "totalRevenue": "1937712000000",
        "costOfRevenue": "1505267000000",
        "costofGoodsAndServicesSold": "1505267000000",
        "operatingIncome": "-97773000000",
        "sellingGeneralAndAdministrative": "64085000000",
        "researchAndDevelopment": "124019000000",
        "operatingExpenses": "530218000000",
        "investmentIncomeNet": "None",
        "netInterestIncome": "None",
        "interestIncome": "None",
        "interestExpense": "5199000000",
        "nonInterestIncome": "None",
        "otherNonOperatingIncome": "None",
        "depreciation": "None",
        "depreciationAndAmortization": "185593000000",
        "incomeBeforeTax": "-106521000000",
        "incomeTaxExpense": "-23553000000",
        "interestAndDebtExpense": "None",
        "netIncomeFromContinuingOperations": "-49004000000",
        "comprehensiveIncomeNetOfTax": "None",
        "ebit": "-101322000000",
        "ebitda": "84271000000",
        "netIncome": "-106790000000"
      },
      {
        "fiscalDateEnding": "2014-12-31",
        "reportedCurrency": "JPY",
        "grossProfit": "656113000000",
        "totalRevenue": "2566749000000",
        "costOfRevenue": "1910636000000",
        "costofGoodsAndServicesSold": "1910636000000",
        "operatingIncome": "182095000000",
        "sellingGeneralAndAdministrative": "64085000000",
        "researchAndDevelopment": "118295000000",
        "operatingExpenses": "473282000000",
        "investmentIncomeNet": "None",
        "netInterestIncome": "None",
        "interestIncome": "None",
        "interestExpense": "5942000000",
        "nonInterestIncome": "None",
        "otherNonOperatingIncome": "None",
        "depreciation": "None",
        "depreciationAndAmortization": "148597000000",
        "incomeBeforeTax": "167828000000",
        "incomeTaxExpense": "56162000000",
        "interestAndDebtExpense": "None",
        "netIncomeFromContinuingOperations": "0",
        "comprehensiveIncomeNetOfTax": "None",
        "ebit": "172530000000",
        "ebitda": "321127000000",
        "netIncome": "89971000000"
      },
      {
        "fiscalDateEnding": "2014-09-30",
        "reportedCurrency": "JPY",
        "grossProfit": "511797000000",
        "totalRevenue": "1901511000000",
        "costOfRevenue": "1389714000000",
        "costofGoodsAndServicesSold": "1389714000000",
        "operatingIncome": "-85588000000",
        "sellingGeneralAndAdministrative": "419203000000",
        "researchAndDevelopment": "118295000000",
        "operatingExpenses": "597385000000",
        "investmentIncomeNet": "None",
        "netInterestIncome": "None",
        "interestIncome": "None",
        "interestExpense": "6047000000",
        "nonInterestIncome": "None",
        "otherNonOperatingIncome": "None",
        "depreciation": "None",
        "depreciationAndAmortization": "139425000000",
        "incomeBeforeTax": "-89955000000",
        "incomeTaxExpense": "30078000000",
        "interestAndDebtExpense": "None",
        "netIncomeFromContinuingOperations": "0",
        "comprehensiveIncomeNetOfTax": "None",
        "ebit": "-83908000000",
        "ebitda": "55517000000",
        "netIncome": "-135969000000"
      },
      {
        "fiscalDateEnding": "2014-06-30",
        "reportedCurrency": "JPY",
        "grossProfit": "457391000000",
        "totalRevenue": "1809908000000",
        "costOfRevenue": "1352517000000",
        "costofGoodsAndServicesSold": "1352517000000",
        "operatingIncome": "69814000000",
        "sellingGeneralAndAdministrative": "0",
        "researchAndDevelopment": "1055746000",
        "operatingExpenses": "387577000000",
        "investmentIncomeNet": "None",
        "netInterestIncome": "None",
        "interestIncome": "None",
        "interestExpense": "6412000000",
        "nonInterestIncome": "None",
        "otherNonOperatingIncome": "None",
        "depreciation": "None",
        "depreciationAndAmortization": "156941000000",
        "incomeBeforeTax": "68377000000",
        "incomeTaxExpense": "26046000000",
        "interestAndDebtExpense": "None",
        "netIncomeFromContinuingOperations": "0",
        "comprehensiveIncomeNetOfTax": "None",
        "ebit": "73038000000",
        "ebitda": "229979000000",
        "netIncome": "26808000000"
      },
      {
        "fiscalDateEnding": "2014-03-31",
        "reportedCurrency": "JPY",
        "grossProfit": "396318000000",
        "totalRevenue": "1870923000000",
        "costOfRevenue": "1474605000000",
        "costofGoodsAndServicesSold": "1474605000000",
        "operatingIncome": "-114958000000",
        "sellingGeneralAndAdministrative": "2037000000",
        "researchAndDevelopment": "121449000000",
        "operatingExpenses": "508119000000",
        "investmentIncomeNet": "None",
        "netInterestIncome": "None",
        "interestIncome": "None",
        "interestExpense": "5180000000",
        "nonInterestIncome": "None",
        "otherNonOperatingIncome": "None",
        "depreciation": "None",
        "depreciationAndAmortization": "230231000000",
        "incomeBeforeTax": "-113088000000",
        "incomeTaxExpense": "11191000000",
        "interestAndDebtExpense": "None",
        "netIncomeFromContinuingOperations": "-68841000000",
        "comprehensiveIncomeNetOfTax": "None",
        "ebit": "-111065000000",
        "ebitda": "119166000000",
        "netIncome": "-139541000000"
      },
      {
        "fiscalDateEnding": "2013-12-31",
        "reportedCurrency": "JPY",
        "grossProfit": "592433000000",
        "totalRevenue": "2412819000000",
        "costOfRevenue": "1820386000000",
        "costofGoodsAndServicesSold": "1820386000000",
        "operatingIncome": "90332000000",
        "sellingGeneralAndAdministrative": "2037000000",
        "researchAndDevelopment": "115970000000",
        "operatingExpenses": "502101000000",
        "investmentIncomeNet": "None",
        "netInterestIncome": "None",
        "interestIncome": "None",
        "interestExpense": "4232000000",
        "nonInterestIncome": "None",
        "otherNonOperatingIncome": "None",
        "depreciation": "None",
        "depreciationAndAmortization": "163722000000",
        "incomeBeforeTax": "88307000000",
        "incomeTaxExpense": "45584000000",
        "interestAndDebtExpense": "None",
        "netIncomeFromContinuingOperations": "0",
        "comprehensiveIncomeNetOfTax": "None",
        "ebit": "92539000000",
        "ebitda": "256261000000",
        "netIncome": "26382000000"
      },
      {
        "fiscalDateEnding": "2013-09-30",
        "reportedCurrency": "JPY",
        "grossProfit": "416359000000",
        "totalRevenue": "1775486000000",
        "costOfRevenue": "1359127000000",
        "costofGoodsAndServicesSold": "1359127000000",
        "operatingIncome": "13929000000",
        "sellingGeneralAndAdministrative": "412378000000",
        "researchAndDevelopment": "118047000000",
        "operatingExpenses": "401595000000",
        "investmentIncomeNet": "None",
        "netInterestIncome": "None",
        "interestIncome": "None",
        "interestExpense": "7092000000",
        "nonInterestIncome": "None",
        "otherNonOperatingIncome": "None",
        "depreciation": "None",
        "depreciationAndAmortization": "156550000000",
        "incomeBeforeTax": "5129000000",
        "incomeTaxExpense": "11339000000",
        "interestAndDebtExpense": "None",
        "netIncomeFromContinuingOperations": "0",
        "comprehensiveIncomeNetOfTax": "None",
        "ebit": "12221000000",
        "ebitda": "168771000000",
        "netIncome": "-19631000000"
      },
      {
        "fiscalDateEnding": "2013-06-30",
        "reportedCurrency": "JPY",
        "grossProfit": "409102000000",
        "totalRevenue": "1712712000000",
        "costOfRevenue": "1303610000000",
        "costofGoodsAndServicesSold": "1303610000000",
        "operatingIncome": "36357000000",
        "sellingGeneralAndAdministrative": "0",
        "researchAndDevelopment": "118047000000",
        "operatingExpenses": "384993000000",
        "investmentIncomeNet": "None",
        "netInterestIncome": "None",
        "interestIncome": "None",
        "interestExpense": "6956000000",
        "nonInterestIncome": "None",
        "otherNonOperatingIncome": "None",
        "depreciation": "None",
        "depreciationAndAmortization": "147855000000",
        "incomeBeforeTax": "45393000000",
        "incomeTaxExpense": "26468000000",
        "interestAndDebtExpense": "None",
        "netIncomeFromContinuingOperations": "0",
        "comprehensiveIncomeNetOfTax": "None",
        "ebit": "53747000000",
        "ebitda": "201602000000",
        "netIncome": "3127000000"
      },
      {
        "fiscalDateEnding": "2013-03-31",
        "reportedCurrency": "JPY",
        "grossProfit": "320694000000",
        "totalRevenue": "1733029000000",
        "costOfRevenue": "1412335000000",
        "costofGoodsAndServicesSold": "1412335000000",
        "operatingIncome": "-79007000000",
        "sellingGeneralAndAdministrative": "35749000000",
        "researchAndDevelopment": "124023000000",
        "operatingExpenses": "390730000000",
        "investmentIncomeNet": "None",
        "netInterestIncome": "None",
        "interestIncome": "None",
        "interestExpense": "5826000000",
        "nonInterestIncome": "None",
        "otherNonOperatingIncome": "None",
        "depreciation": "None",
        "depreciationAndAmortization": "149380000000",
        "incomeBeforeTax": "187188000000",
        "incomeTaxExpense": "73588000000",
        "interestAndDebtExpense": "None",
        "netIncomeFromContinuingOperations": "0",
        "comprehensiveIncomeNetOfTax": "None",
        "ebit": "193014000000",
        "ebitda": "342394000000",
        "netIncome": "93908000000"
      },
      {
        "fiscalDateEnding": "2012-12-31",
        "reportedCurrency": "JPY",
        "grossProfit": "434458000000",
        "totalRevenue": "1947980000000",
        "costOfRevenue": "1513522000000",
        "costofGoodsAndServicesSold": "1513522000000",
        "operatingIncome": "46429000000",
        "sellingGeneralAndAdministrative": "35749000000",
        "researchAndDevelopment": "113032000000",
        "operatingExpenses": "388687000000",
        "investmentIncomeNet": "None",
        "netInterestIncome": "None",
        "interestIncome": "None",
        "interestExpense": "7356000000",
        "nonInterestIncome": "None",
        "otherNonOperatingIncome": "None",
        "depreciation": "None",
        "depreciationAndAmortization": "141710000000",
        "incomeBeforeTax": "29430000000",
        "incomeTaxExpense": "25907000000",
        "interestAndDebtExpense": "None",
        "netIncomeFromContinuingOperations": "0",
        "comprehensiveIncomeNetOfTax": "None",
        "ebit": "35073000000",
        "ebitda": "176783000000",
        "netIncome": "-10763000000"
      },
      {
        "fiscalDateEnding": "2012-09-30",
        "reportedCurrency": "JPY",
        "grossProfit": "559663000000",
        "totalRevenue": "1604659000000",
        "costOfRevenue": "1044996000000",
        "costofGoodsAndServicesSold": "1044996000000",
        "operatingIncome": "30251000000",
        "sellingGeneralAndAdministrative": "331459000000",
        "researchAndDevelopment": "113032000000",
        "operatingExpenses": "331459000000",
        "investmentIncomeNet": "None",
        "netInterestIncome": "None",
        "interestIncome": "None",
        "interestExpense": "5912000000",
        "nonInterestIncome": "None",
        "otherNonOperatingIncome": "None",
        "depreciation": "None",
        "depreciationAndAmortization": "122861000000",
        "incomeBeforeTax": "19650000000",
        "incomeTaxExpense": "22008000000",
        "interestAndDebtExpense": "None",
        "netIncomeFromContinuingOperations": "0",
        "comprehensiveIncomeNetOfTax": "None",
        "ebit": "25562000000",
        "ebitda": "148423000000",
        "netIncome": "-15470000000"
      },
      {
        "fiscalDateEnding": "2012-06-30",
        "reportedCurrency": "JPY",
        "grossProfit": "508770000000",
        "totalRevenue": "1515183000000",
        "costOfRevenue": "1006413000000",
        "costofGoodsAndServicesSold": "1006413000000",
        "operatingIncome": "6275000000",
        "sellingGeneralAndAdministrative": "0",
        "researchAndDevelopment": "1382483000",
        "operatingExpenses": "346750000000",
        "investmentIncomeNet": "None",
        "netInterestIncome": "None",
        "interestIncome": "None",
        "interestExpense": "7563000000",
        "nonInterestIncome": "None",
        "otherNonOperatingIncome": "None",
        "depreciation": "None",
        "depreciationAndAmortization": "126367000000",
        "incomeBeforeTax": "9413000000",
        "incomeTaxExpense": "20002000000",
        "interestAndDebtExpense": "None",
        "netIncomeFromContinuingOperations": "0",
        "comprehensiveIncomeNetOfTax": "None",
        "ebit": "16976000000",
        "ebitda": "143343000000",
        "netIncome": "-24641000000"
      },
      {
        "fiscalDateEnding": "2012-03-31",
        "reportedCurrency": "JPY",
        "grossProfit": "-243968000000",
        "totalRevenue": "1600426000000",
        "costOfRevenue": "1844394000000",
        "costofGoodsAndServicesSold": "1844394000000",
        "operatingIncome": "-1412000000",
        "sellingGeneralAndAdministrative": "0",
        "researchAndDevelopment": "1299834000",
        "operatingExpenses": "354674000000",
        "investmentIncomeNet": "None",
        "netInterestIncome": "None",
        "interestIncome": "None",
        "interestExpense": "510666000000",
        "nonInterestIncome": "None",
        "otherNonOperatingIncome": "None",
        "depreciation": "None",
        "depreciationAndAmortization": "75311000000",
        "incomeBeforeTax": "-486000000",
        "incomeTaxExpense": "240432000000",
        "interestAndDebtExpense": "None",
        "netIncomeFromContinuingOperations": "0",
        "comprehensiveIncomeNetOfTax": "None",
        "ebit": "-511152000000",
        "ebitda": "-435841000000",
        "netIncome": "-255213000000"
      },
      {
        "fiscalDateEnding": "2011-12-31",
        "reportedCurrency": "JPY",
        "grossProfit": "560319000000",
        "totalRevenue": "1822876000000",
        "costOfRevenue": "1262557000000",
        "costofGoodsAndServicesSold": "1262557000000",
        "operatingIncome": "98317000000",
        "sellingGeneralAndAdministrative": "0",
        "researchAndDevelopment": "1308730000",
        "operatingExpenses": "355674000000",
        "investmentIncomeNet": "None",
        "netInterestIncome": "None",
        "interestIncome": "None",
        "interestExpense": "4983000000",
        "nonInterestIncome": "None",
        "otherNonOperatingIncome": "None",
        "depreciation": "None",
        "depreciationAndAmortization": "129586000000",
        "incomeBeforeTax": "-105914000000",
        "incomeTaxExpense": "28916000000",
        "interestAndDebtExpense": "None",
        "netIncomeFromContinuingOperations": "0",
        "comprehensiveIncomeNetOfTax": "None",
        "ebit": "-100931000000",
        "ebitda": "28655000000",
        "netIncome": "-158968000000"
      },
      {
        "fiscalDateEnding": "2011-09-30",
        "reportedCurrency": "JPY",
        "grossProfit": "374527000000",
        "totalRevenue": "1574989000000",
        "costOfRevenue": "1200462000000",
        "costofGoodsAndServicesSold": "1200462000000",
        "operatingIncome": "32597000000",
        "sellingGeneralAndAdministrative": "345393000000",
        "researchAndDevelopment": "1459365000",
        "operatingExpenses": "345393000000",
        "investmentIncomeNet": "None",
        "netInterestIncome": "None",
        "interestIncome": "None",
        "interestExpense": "164934000000",
        "nonInterestIncome": "None",
        "otherNonOperatingIncome": "None",
        "depreciation": "None",
        "depreciationAndAmortization": "83372000000",
        "incomeBeforeTax": "95000000",
        "incomeTaxExpense": "18358000000",
        "interestAndDebtExpense": "None",
        "netIncomeFromContinuingOperations": "0",
        "comprehensiveIncomeNetOfTax": "None",
        "ebit": "242423000000",
        "ebitda": "325795000000",
        "netIncome": "-26977000000"
      },
      {
        "fiscalDateEnding": "2011-06-30",
        "reportedCurrency": "JPY",
        "grossProfit": "521352000000",
        "totalRevenue": "1494921000000",
        "costOfRevenue": "973569000000",
        "costofGoodsAndServicesSold": "973569000000",
        "operatingIncome": "200645000000",
        "sellingGeneralAndAdministrative": "0",
        "researchAndDevelopment": "1192076000",
        "operatingExpenses": "320146000000",
        "investmentIncomeNet": "None",
        "netInterestIncome": "None",
        "interestIncome": "None",
        "interestExpense": "6112000000",
        "nonInterestIncome": "None",
        "otherNonOperatingIncome": "None",
        "depreciation": "None",
        "depreciationAndAmortization": "78194000000",
        "incomeBeforeTax": "23119000000",
        "incomeTaxExpense": "27534000000",
        "interestAndDebtExpense": "None",
        "netIncomeFromContinuingOperations": "0",
        "comprehensiveIncomeNetOfTax": "None",
        "ebit": "29231000000",
        "ebitda": "107425000000",
        "netIncome": "-15502000000"
      },
      {
        "fiscalDateEnding": "2011-03-31",
        "reportedCurrency": "JPY",
        "grossProfit": "-197019000000",
        "totalRevenue": "1580826000000",
        "costOfRevenue": "1777845000000",
        "costofGoodsAndServicesSold": "1777845000000",
        "operatingIncome": "-73368000000",
        "sellingGeneralAndAdministrative": "0",
        "researchAndDevelopment": "1335859000",
        "operatingExpenses": "-110030000000",
        "investmentIncomeNet": "None",
        "netInterestIncome": "None",
        "interestIncome": "None",
        "interestExpense": "7391000000",
        "nonInterestIncome": "None",
        "otherNonOperatingIncome": "None",
        "depreciation": "None",
        "depreciationAndAmortization": "69365000000",
        "incomeBeforeTax": "-68142000000",
        "incomeTaxExpense": "313330000000",
        "interestAndDebtExpense": "None",
        "netIncomeFromContinuingOperations": "0",
        "comprehensiveIncomeNetOfTax": "None",
        "ebit": "-50387000000",
        "ebitda": "18978000000",
        "netIncome": "-381472000000"
      },
      {
        "fiscalDateEnding": "2010-12-31",
        "reportedCurrency": "JPY",
        "grossProfit": "713858000000",
        "totalRevenue": "2206246000000",
        "costOfRevenue": "1492388000000",
        "costofGoodsAndServicesSold": "1492388000000",
        "operatingIncome": "137522000000",
        "sellingGeneralAndAdministrative": "0",
        "researchAndDevelopment": "1355056000",
        "operatingExpenses": "576827000000",
        "investmentIncomeNet": "None",
        "netInterestIncome": "None",
        "interestIncome": "None",
        "interestExpense": "178336000000",
        "nonInterestIncome": "None",
        "otherNonOperatingIncome": "None",
        "depreciation": "None",
        "depreciationAndAmortization": "4684000000",
        "incomeBeforeTax": "131535000000",
        "incomeTaxExpense": "47590000000",
        "interestAndDebtExpense": "None",
        "netIncomeFromContinuingOperations": "0",
        "comprehensiveIncomeNetOfTax": "None",
        "ebit": "383149000000",
        "ebitda": "387833000000",
        "netIncome": "72334000000"
      },
      {
        "fiscalDateEnding": "2010-09-30",
        "reportedCurrency": "JPY",
        "grossProfit": "605525000000",
        "totalRevenue": "1733152000000",
        "costOfRevenue": "1127627000000",
        "costofGoodsAndServicesSold": "1127627000000",
        "operatingIncome": "68651000000",
        "sellingGeneralAndAdministrative": "363395000000",
        "researchAndDevelopment": "1338343000",
        "operatingExpenses": "539146000000",
        "investmentIncomeNet": "None",
        "netInterestIncome": "None",
        "interestIncome": "None",
        "interestExpense": "5860000000",
        "nonInterestIncome": "None",
        "otherNonOperatingIncome": "None",
        "depreciation": "None",
        "depreciationAndAmortization": "80851000000",
        "incomeBeforeTax": "62709000000",
        "incomeTaxExpense": "20746000000",
        "interestAndDebtExpense": "None",
        "netIncomeFromContinuingOperations": "0",
        "comprehensiveIncomeNetOfTax": "None",
        "ebit": "68569000000",
        "ebitda": "149420000000",
        "netIncome": "31146000000"
      },
      {
        "fiscalDateEnding": "2010-06-30",
        "reportedCurrency": "JPY",
        "grossProfit": "551758000000",
        "totalRevenue": "1661049000000",
        "costOfRevenue": "1109291000000",
        "costofGoodsAndServicesSold": "1109291000000",
        "operatingIncome": "201865000000",
        "sellingGeneralAndAdministrative": "0",
        "researchAndDevelopment": "1119562000",
        "operatingExpenses": "359770000000",
        "investmentIncomeNet": "None",
        "netInterestIncome": "None",
        "interestIncome": "None",
        "interestExpense": "6102000000",
        "nonInterestIncome": "None",
        "otherNonOperatingIncome": "None",
        "depreciation": "None",
        "depreciationAndAmortization": "86824000000",
        "incomeBeforeTax": "78911000000",
        "incomeTaxExpense": "43673000000",
        "interestAndDebtExpense": "None",
        "netIncomeFromContinuingOperations": "0",
        "comprehensiveIncomeNetOfTax": "None",
        "ebit": "85013000000",
        "ebitda": "171837000000",
        "netIncome": "25737000000"
      },
      {
        "fiscalDateEnding": "2010-03-31",
        "reportedCurrency": "JPY",
        "grossProfit": "529592000000",
        "totalRevenue": "1715070000000",
        "costOfRevenue": "1185478000000",
        "costofGoodsAndServicesSold": "1185478000000",
        "operatingIncome": "174903000000",
        "sellingGeneralAndAdministrative": "0",
        "researchAndDevelopment": "1193278000",
        "operatingExpenses": "394145000000",
        "investmentIncomeNet": "None",
        "netInterestIncome": "None",
        "interestIncome": "None",
        "interestExpense": "168903000000",
        "nonInterestIncome": "None",
        "otherNonOperatingIncome": "None",
        "depreciation": "None",
        "depreciationAndAmortization": "-104595000000",
        "incomeBeforeTax": "-46983000000",
        "incomeTaxExpense": "-5399000000",
        "interestAndDebtExpense": "None",
        "netIncomeFromContinuingOperations": "0",
        "comprehensiveIncomeNetOfTax": "None",
        "ebit": "174903000000",
        "ebitda": "70308000000",
        "netIncome": "-56568000000"
      },
      {
        "fiscalDateEnding": "2009-12-31",
        "reportedCurrency": "JPY",
        "grossProfit": "727024000000",
        "totalRevenue": "2237865000000",
        "costOfRevenue": "1510841000000",
        "costofGoodsAndServicesSold": "1510841000000",
        "operatingIncome": "146103000000",
        "sellingGeneralAndAdministrative": "0",
        "researchAndDevelopment": "1110000000",
        "operatingExpenses": "402440000000",
        "investmentIncomeNet": "None",
        "netInterestIncome": "None",
        "interestIncome": "None",
        "interestExpense": "5717000000",
        "nonInterestIncome": "None",
        "otherNonOperatingIncome": "None",
        "depreciation": "None",
        "depreciationAndAmortization": "-23800000000",
        "incomeBeforeTax": "123865000000",
        "incomeTaxExpense": "33244000000",
        "interestAndDebtExpense": "None",
        "netIncomeFromContinuingOperations": "0",
        "comprehensiveIncomeNetOfTax": "None",
        "ebit": "153382000000",
        "ebitda": "129582000000",
        "netIncome": "79167000000"
      },
      {
        "fiscalDateEnding": "2009-09-30",
        "reportedCurrency": "JPY",
        "grossProfit": "526390000000",
        "totalRevenue": "1661210000000",
        "costOfRevenue": "1134820000000",
        "costofGoodsAndServicesSold": "1134820000000",
        "operatingIncome": "142500000000",
        "sellingGeneralAndAdministrative": "370268000000",
        "researchAndDevelopment": "1282000000",
        "operatingExpenses": "370268000000",
        "investmentIncomeNet": "None",
        "netInterestIncome": "None",
        "interestIncome": "None",
        "interestExpense": "6133000000",
        "nonInterestIncome": "None",
        "otherNonOperatingIncome": "None",
        "depreciation": "None",
        "depreciationAndAmortization": "145345000000",
        "incomeBeforeTax": "-17026000000",
        "incomeTaxExpense": "-1699000000",
        "interestAndDebtExpense": "None",
        "netIncomeFromContinuingOperations": "0",
        "comprehensiveIncomeNetOfTax": "None",
        "ebit": "-10893000000",
        "ebitda": "134452000000",
        "netIncome": "-26308000000"
      },
      {
        "fiscalDateEnding": "2009-06-30",
        "reportedCurrency": "JPY",
        "grossProfit": "538429000000",
        "totalRevenue": "1599853000000",
        "costOfRevenue": "1061424000000",
        "costofGoodsAndServicesSold": "1061424000000",
        "operatingIncome": "149754000000",
        "sellingGeneralAndAdministrative": "0",
        "researchAndDevelopment": "1040000000",
        "operatingExpenses": "378037000000",
        "investmentIncomeNet": "None",
        "netInterestIncome": "None",
        "interestIncome": "None",
        "interestExpense": "180736000000",
        "nonInterestIncome": "None",
        "otherNonOperatingIncome": "None",
        "depreciation": "None",
        "depreciationAndAmortization": "154520000000",
        "incomeBeforeTax": "-32944000000",
        "incomeTaxExpense": "-12188000000",
        "interestAndDebtExpense": "None",
        "netIncomeFromContinuingOperations": "0",
        "comprehensiveIncomeNetOfTax": "None",
        "ebit": "147792000000",
        "ebitda": "302312000000",
        "netIncome": "-37093000000"
      },
      {
        "fiscalDateEnding": "2009-03-31",
        "reportedCurrency": "JPY",
        "grossProfit": "310112000000",
        "totalRevenue": "1524060000000",
        "costOfRevenue": "1213948000000",
        "costofGoodsAndServicesSold": "1213948000000",
        "operatingIncome": "-99878000000",
        "sellingGeneralAndAdministrative": "0",
        "researchAndDevelopment": "967459000",
        "operatingExpenses": "409990000000",
        "investmentIncomeNet": "None",
        "netInterestIncome": "None",
        "interestIncome": "None",
        "interestExpense": "151704000000",
        "nonInterestIncome": "None",
        "otherNonOperatingIncome": "None",
        "depreciation": "None",
        "depreciationAndAmortization": "104858000000",
        "incomeBeforeTax": "-311635000000",
        "incomeTaxExpense": "-147202000000",
        "interestAndDebtExpense": "None",
        "netIncomeFromContinuingOperations": "0",
        "comprehensiveIncomeNetOfTax": "None",
        "ebit": "-159931000000",
        "ebitda": "-55073000000",
        "netIncome": "-164433000000"
      },
      {
        "fiscalDateEnding": "2008-12-31",
        "reportedCurrency": "JPY",
        "grossProfit": "590505000000",
        "totalRevenue": "2154584000000",
        "costOfRevenue": "1564079000000",
        "costofGoodsAndServicesSold": "1564079000000",
        "operatingIncome": "140597231000",
        "sellingGeneralAndAdministrative": "0",
        "researchAndDevelopment": "1640000000",
        "operatingExpenses": "461903000000",
        "investmentIncomeNet": "None",
        "netInterestIncome": "None",
        "interestIncome": "None",
        "interestExpense": "139645000000",
        "nonInterestIncome": "None",
        "otherNonOperatingIncome": "None",
        "depreciation": "None",
        "depreciationAndAmortization": "-18584231000",
        "incomeBeforeTax": "66451000000",
        "incomeTaxExpense": "64395000000",
        "interestAndDebtExpense": "None",
        "netIncomeFromContinuingOperations": "0",
        "comprehensiveIncomeNetOfTax": "None",
        "ebit": "390224231000",
        "ebitda": "371640000000",
        "netIncome": "10409000000"
      },
      {
        "fiscalDateEnding": "2008-09-30",
        "reportedCurrency": "JPY",
        "grossProfit": "555473143000",
        "totalRevenue": "2064639206000",
        "costOfRevenue": "1509166063000",
        "costofGoodsAndServicesSold": "1509166063000",
        "operatingIncome": "11048000000",
        "sellingGeneralAndAdministrative": "539472295080",
        "researchAndDevelopment": "1295000000",
        "operatingExpenses": "544452691000",
        "investmentIncomeNet": "None",
        "netInterestIncome": "None",
        "interestIncome": "None",
        "interestExpense": "128252000000",
        "nonInterestIncome": "None",
        "otherNonOperatingIncome": "None",
        "depreciation": "None",
        "depreciationAndAmortization": "173141192000",
        "incomeBeforeTax": "7311646000",
        "incomeTaxExpense": "-8901134000",
        "interestAndDebtExpense": "None",
        "netIncomeFromContinuingOperations": "0",
        "comprehensiveIncomeNetOfTax": "None",
        "ebit": "191057808000",
        "ebitda": "364199000000",
        "netIncome": "20816000000"
      },
      {
        "fiscalDateEnding": "2008-06-30",
        "reportedCurrency": "JPY",
        "grossProfit": "612574347000",
        "totalRevenue": "1982795261000",
        "costOfRevenue": "1370220913000",
        "costofGoodsAndServicesSold": "1370220913000",
        "operatingIncome": "73598132000",
        "sellingGeneralAndAdministrative": "0",
        "researchAndDevelopment": "1172000000",
        "operatingExpenses": "538976216000",
        "investmentIncomeNet": "None",
        "netInterestIncome": "None",
        "interestIncome": "None",
        "interestExpense": "152600000000",
        "nonInterestIncome": "None",
        "otherNonOperatingIncome": "None",
        "depreciation": "None",
        "depreciationAndAmortization": "91657000000",
        "incomeBeforeTax": "63084113000",
        "incomeTaxExpense": "19116398000",
        "interestAndDebtExpense": "None",
        "netIncomeFromContinuingOperations": "0",
        "comprehensiveIncomeNetOfTax": "None",
        "ebit": "215522000000",
        "ebitda": "307179000000",
        "netIncome": "35046729000"
      },
      {
        "fiscalDateEnding": "2008-03-31",
        "reportedCurrency": "JPY",
        "grossProfit": "964872469000",
        "totalRevenue": "2088246345000",
        "costOfRevenue": "1123373876000",
        "costofGoodsAndServicesSold": "1123373876000",
        "operatingIncome": "845528898000",
        "sellingGeneralAndAdministrative": "0",
        "researchAndDevelopment": "5213500000",
        "operatingExpenses": "469670195000",
        "investmentIncomeNet": "None",
        "netInterestIncome": "None",
        "interestIncome": "None",
        "interestExpense": "812014588000",
        "nonInterestIncome": "None",
        "otherNonOperatingIncome": "None",
        "depreciation": "None",
        "depreciationAndAmortization": "-118653695000",
        "incomeBeforeTax": "15216065000",
        "incomeTaxExpense": "-2177530000",
        "interestAndDebtExpense": "None",
        "netIncomeFromContinuingOperations": "0",
        "comprehensiveIncomeNetOfTax": "None",
        "ebit": "766462970000",
        "ebitda": "647809275000",
        "netIncome": "35691840000"
      },
      {
        "fiscalDateEnding": "2007-12-31",
        "reportedCurrency": "JPY",
        "grossProfit": "679892712730",
        "totalRevenue": "2803062525490",
        "costOfRevenue": "2123169812760",
        "costofGoodsAndServicesSold": "2123169812760",
        "operatingIncome": "99139377970",
        "sellingGeneralAndAdministrative": "0",
        "researchAndDevelopment": "0",
        "operatingExpenses": "494243888820",
        "investmentIncomeNet": "None",
        "netInterestIncome": "None",
        "interestIncome": "None",
        "interestExpense": "229685932050",
        "nonInterestIncome": "None",
        "otherNonOperatingIncome": "None",
        "depreciation": "None",
        "depreciationAndAmortization": "179470006790",
        "incomeBeforeTax": "282776354300",
        "incomeTaxExpense": "132558401660",
        "interestAndDebtExpense": "None",
        "netIncomeFromContinuingOperations": "0",
        "comprehensiveIncomeNetOfTax": "None",
        "ebit": "99139377970",
        "ebitda": "278609384760",
        "netIncome": "150217952640"
      },
      {
        "fiscalDateEnding": "2007-09-30",
        "reportedCurrency": "JPY",
        "grossProfit": "577888003000",
        "totalRevenue": "2079730856000",
        "costOfRevenue": "1501842853000",
        "costofGoodsAndServicesSold": "1501842853000",
        "operatingIncome": "90363175000",
        "sellingGeneralAndAdministrative": "535060221400",
        "researchAndDevelopment": "0",
        "operatingExpenses": "487524828000",
        "investmentIncomeNet": "None",
        "netInterestIncome": "None",
        "interestIncome": "None",
        "interestExpense": "64413902190",
        "nonInterestIncome": "None",
        "otherNonOperatingIncome": "None",
        "depreciation": "None",
        "depreciationAndAmortization": "172600430000",
        "incomeBeforeTax": "87837139000",
        "incomeTaxExpense": "34905216000",
        "interestAndDebtExpense": "None",
        "netIncomeFromContinuingOperations": "0",
        "comprehensiveIncomeNetOfTax": "None",
        "ebit": "90609496000",
        "ebitda": "263209926000",
        "netIncome": "73599485000"
      },
      {
        "fiscalDateEnding": "2007-06-30",
        "reportedCurrency": "JPY",
        "grossProfit": "648438927000",
        "totalRevenue": "1979062700000",
        "costOfRevenue": "1330623773000",
        "costofGoodsAndServicesSold": "1330623773000",
        "operatingIncome": "121312886000",
        "sellingGeneralAndAdministrative": "0",
        "researchAndDevelopment": "0",
        "operatingExpenses": "548925413000",
        "investmentIncomeNet": "None",
        "netInterestIncome": "None",
        "interestIncome": "None",
        "interestExpense": "11453907000",
        "nonInterestIncome": "None",
        "otherNonOperatingIncome": "None",
        "depreciation": "None",
        "depreciationAndAmortization": "194346938000",
        "incomeBeforeTax": "105794689000",
        "incomeTaxExpense": "39657613000",
        "interestAndDebtExpense": "None",
        "netIncomeFromContinuingOperations": "0",
        "comprehensiveIncomeNetOfTax": "None",
        "ebit": "121312885000",
        "ebitda": "315659823000",
        "netIncome": "66506557000"
      },
      {
        "fiscalDateEnding": "2007-03-31",
        "reportedCurrency": "JPY",
        "grossProfit": "517992154000",
        "totalRevenue": "2087493279000",
        "costOfRevenue": "1569501126000",
        "costofGoodsAndServicesSold": "1569501126000",
        "operatingIncome": "658217655000",
        "sellingGeneralAndAdministrative": "0",
        "researchAndDevelopment": "2398888000",
        "operatingExpenses": "85552218000",
        "investmentIncomeNet": "None",
        "netInterestIncome": "None",
        "interestIncome": "None",
        "interestExpense": "750723510000",
        "nonInterestIncome": "None",
        "otherNonOperatingIncome": "None",
        "depreciation": "None",
        "depreciationAndAmortization": "-146387033000",
        "incomeBeforeTax": "-105807765000",
        "incomeTaxExpense": "-24916831000",
        "interestAndDebtExpense": "None",
        "netIncomeFromContinuingOperations": "0",
        "comprehensiveIncomeNetOfTax": "None",
        "ebit": "630571968000",
        "ebitda": "484184935000",
        "netIncome": "-67589023000"
      },
      {
        "fiscalDateEnding": "2006-12-31",
        "reportedCurrency": "JPY",
        "grossProfit": "787691187010",
        "totalRevenue": "2608535133890",
        "costOfRevenue": "1820843946880",
        "costofGoodsAndServicesSold": "1820843946880",
        "operatingIncome": "178917916590",
        "sellingGeneralAndAdministrative": "0",
        "researchAndDevelopment": "1190000000",
        "operatingExpenses": "608773270420",
        "investmentIncomeNet": "None",
        "netInterestIncome": "None",
        "interestIncome": "None",
        "interestExpense": "49997022600",
        "nonInterestIncome": "None",
        "otherNonOperatingIncome": "None",
        "depreciation": "None",
        "depreciationAndAmortization": "205343833470",
        "incomeBeforeTax": "179870240830",
        "incomeTaxExpense": "61543954010",
        "interestAndDebtExpense": "None",
        "netIncomeFromContinuingOperations": "0",
        "comprehensiveIncomeNetOfTax": "None",
        "ebit": "178917916590",
        "ebitda": "384261750060",
        "netIncome": "118326286820"
      },
      {
        "fiscalDateEnding": "2006-09-30",
        "reportedCurrency": "JPY",
        "grossProfit": "430220480000",
        "totalRevenue": "1854610261000",
        "costOfRevenue": "1424389781000",
        "costofGoodsAndServicesSold": "1424389781000",
        "operatingIncome": "-20891365000",
        "sellingGeneralAndAdministrative": "449341390170",
        "researchAndDevelopment": "1190000000",
        "operatingExpenses": "451111845000",
        "investmentIncomeNet": "None",
        "netInterestIncome": "None",
        "interestIncome": "None",
        "interestExpense": "9206364180",
        "nonInterestIncome": "None",
        "otherNonOperatingIncome": "None",
        "depreciation": "None",
        "depreciationAndAmortization": "163722077000",
        "incomeBeforeTax": "-26084699000",
        "incomeTaxExpense": "-7553940000",
        "interestAndDebtExpense": "None",
        "netIncomeFromContinuingOperations": "0",
        "comprehensiveIncomeNetOfTax": "None",
        "ebit": "-20891365000",
        "ebitda": "142830712000",
        "netIncome": "1652424000"
      },
      {
        "fiscalDateEnding": "2006-06-30",
        "reportedCurrency": "JPY",
        "grossProfit": "529890055000",
        "totalRevenue": "1736944557000",
        "costOfRevenue": "1207054502000",
        "costofGoodsAndServicesSold": "1207054502000",
        "operatingIncome": "26912506000",
        "sellingGeneralAndAdministrative": "0",
        "researchAndDevelopment": "1038000000",
        "operatingExpenses": "502977550000",
        "investmentIncomeNet": "None",
        "netInterestIncome": "None",
        "interestIncome": "None",
        "interestExpense": "4597372000",
        "nonInterestIncome": "None",
        "otherNonOperatingIncome": "None",
        "depreciation": "None",
        "depreciationAndAmortization": "169949609000",
        "incomeBeforeTax": "53825011000",
        "incomeTaxExpense": "24736601000",
        "interestAndDebtExpense": "None",
        "netIncomeFromContinuingOperations": "0",
        "comprehensiveIncomeNetOfTax": "None",
        "ebit": "26912506000",
        "ebitda": "196862115000",
        "netIncome": "32180485000"
      },
      {
        "fiscalDateEnding": "2006-03-31",
        "reportedCurrency": "JPY",
        "grossProfit": "543058468060",
        "totalRevenue": "1839323038560",
        "costOfRevenue": "1296264570500",
        "costofGoodsAndServicesSold": "1296264570500",
        "operatingIncome": "-38724184230",
        "sellingGeneralAndAdministrative": "0",
        "researchAndDevelopment": "1378685000",
        "operatingExpenses": "605491772770",
        "investmentIncomeNet": "None",
        "netInterestIncome": "None",
        "interestIncome": "None",
        "interestExpense": "4597372110",
        "nonInterestIncome": "None",
        "otherNonOperatingIncome": "None",
        "depreciation": "None",
        "depreciationAndAmortization": "199182097340",
        "incomeBeforeTax": "-48234510240",
        "incomeTaxExpense": "23365710630",
        "interestAndDebtExpense": "None",
        "netIncomeFromContinuingOperations": "0",
        "comprehensiveIncomeNetOfTax": "None",
        "ebit": "-38724184230",
        "ebitda": "160457913110",
        "netIncome": "-71600220870"
      },
      {
        "fiscalDateEnding": "2005-12-31",
        "reportedCurrency": "JPY",
        "grossProfit": "793933874000",
        "totalRevenue": "2369754425000",
        "costOfRevenue": "1575820551000",
        "costofGoodsAndServicesSold": "1575820551000",
        "operatingIncome": "210707830000",
        "sellingGeneralAndAdministrative": "0",
        "researchAndDevelopment": "938000000",
        "operatingExpenses": "590903179000",
        "investmentIncomeNet": "None",
        "netInterestIncome": "None",
        "interestIncome": "None",
        "interestExpense": "60472202240",
        "nonInterestIncome": "None",
        "otherNonOperatingIncome": "None",
        "depreciation": "None",
        "depreciationAndAmortization": "97133647000",
        "incomeBeforeTax": "226062100000",
        "incomeTaxExpense": "75708363000",
        "interestAndDebtExpense": "None",
        "netIncomeFromContinuingOperations": "0",
        "comprehensiveIncomeNetOfTax": "None",
        "ebit": "229723503000",
        "ebitda": "326857150000",
        "netIncome": "169133191000"
      },
      {
        "fiscalDateEnding": "2005-09-30",
        "reportedCurrency": "JPY",
        "grossProfit": "525360266000",
        "totalRevenue": "1710087381000",
        "costOfRevenue": "1184727114000",
        "costofGoodsAndServicesSold": "1184727114000",
        "operatingIncome": "66152275000",
        "sellingGeneralAndAdministrative": "432315899400",
        "researchAndDevelopment": "1134000000",
        "operatingExpenses": "459207991000",
        "investmentIncomeNet": "None",
        "netInterestIncome": "None",
        "interestIncome": "None",
        "interestExpense": "33019403340",
        "nonInterestIncome": "None",
        "otherNonOperatingIncome": "None",
        "depreciation": "None",
        "depreciationAndAmortization": "204704980000",
        "incomeBeforeTax": "95767617000",
        "incomeTaxExpense": "65357994000",
        "interestAndDebtExpense": "None",
        "netIncomeFromContinuingOperations": "0",
        "comprehensiveIncomeNetOfTax": "None",
        "ebit": "66152275000",
        "ebitda": "270857255000",
        "netIncome": "28594122000"
      }
    ]
  }
}